2452 3810
151 227 191 292 28
568 234 727 289 Panum
972 248 1022 297 111.
1035 251 1059 298 2.
1072 263 1150 313 9-33.

149 404 216 457 ΒΥ.
231 397 315 458 Tuae
334 399 376 456 rei
395 399 470 456 bene
485 396 634 456 consrilere
655 398 750 474 cupi0.
772 404 834 455 LE.
851 396 919 456 Trin
938 400 978 456 mi
992 418 1025 458 es
1040 399 1150 457 melior

312 515 401 572 quam
415 495 472 572 ego
486 495 576 554 mihi?
1085 503 1148 555 635

152 593 202 653 Sat
229 595 321 672 sapio,
348 595 416 652 satis
444 596 475 651 in
502 612 563 651 rem
592 611 666 668 quae
695 593 752 651 sint
779 592 874 651 meam
902 612 959 670 ego
991 596 1148 668 conspicio

311 693 390 750 mihi.
1118 715 1149 749 10

150 775 287 847 12de
310 790 341 848 id
368 799 412 847 est
440 807 549 865 sapere,
573 796 604 845 ut
630 789 681 864 qui
709 788 883 847 beneficium
907 806 925 846 a
948 787 1148 847 benevolente

311 887 463 963 repudies?
987 898 993 906 ‘

149 992 213 1045 LE.
235 983 354 1043 Nullum
368 985 541 1043 beneficium
556 984 619 1042 esse
640 984 715 1043 duco
730 985 769 1056 id,
785 986 875 1061 qu6m
890 987 959 1062 quoi
973 986 1064 1044 facias
1082 987 1147 1046 non

311 1083 413 1158 placet.

152 1180 219 1239 Scio
234 1200 290 1256 ego
305 1191 333 1238 et
348 1183 441 1240 sentio
456 1181 519 1256 ipse
534 1181 603 1257 quid
617 1199 704 1258 agam
718 1180 813 1258 neque
827 1200 911 1239 mens
926 1181 1021 1240 officio
1037 1183 1149 1258 migrat

151 1278 214 1338 Nec
234 1280 290 1336 tuis
311 1278 436 1353 depellar
457 1280 539 1337 dictis
561 1281 633 1356 quin
654 1281 762 1338 rumori
784 1280 913 1338 serviam.
1014 1344 1016 1348 ἱ
1084 1286 1147 1338 640

149 1381 215 1434 LY.
237 1373 319 1446 Quid
339 1376 401 1433 ais?
424 1394 493 1434 nam
515 1376 629 1434 retincti
652 1394 766 1453 nequeo
790 1378 861 1452 quin
887 1376 982 1437 dicam
1005 1394 1041 1435 ea
1066 1396 1148 1453 quae

312 1475 480 1550 promeres:
1118 1501 1148 1548 15

150 1557 216 1632 itan
236 1572 356 1632 tandem
377 1572 453 1631 hanc
473 1570 598 1632 maiores
619 1573 728 1631 famam
750 1573 926 1633 tradiderunt
947 1576 998 1633 tibi
1020 1574 1069 1646 tui,

150 1652 190 1728 Vt
210 1671 310 1728 virtute
332 1687 432 1726 eorum
453 1667 602 1745 antepena
622 1669 674 1745 per
695 1671 835 1746 flagitium
855 1672 992 1748 perderes

150 1755 246 1844 Atque
267 1766 369 1824 honori
390 1766 571 1841 posterorum
592 1767 706 1825 tuorum
728 1778 758 1826 ut
778 1770 885 1827 vindex
906 1770 1010 1828 lieres?

149 1865 219 1923 Tibi
239 1874 377 1939 paterque
398 1863 524 1938 avosque
544 1863 658 1920 facilem
679 1863 746 1922 fecit
767 1875 795 1923 et
815 1866 932 1941 planam
954 1869 1030 1924 viam
1079 1871 1143 1926 645

149 1949 197 2020 dd
218 1961 420 2038 quaerundum
438 1960 597 2018 honorem:
620 1971 651 2018 tu
673 1961 763 2020 fecisti
784 1974 816 2021 ut
838 1964 960 2022 difficilis
981 1963 1064 2036 soret,
1114 1989 1147 2022 20

149 2057 244 2134 Culpa
264 2076 401 2117 maxuma
423 2057 451 2115 et
472 2057 583 2116 desidia
603 2059 716 2133 tuisque
738 2060 830 2118 stultis
851 2061 990 2119 moribus

149 2156 356 2233 Praeoptavisti
377 2156 507 2215 amorem
527 2165 610 2214 tuom
629 2163 659 2212 tu
680 2157 774 2213 virtuti
795 2166 827 2214 ut
848 2157 1059 2233 praeponeres:

148 2253 236 2315 Nrinc
257 2265 286 2314 te
305 2252 363 2313 hoc
381 2254 458 2322 facto
478 2252 571 2312 credis
591 2271 677 2330 posse
699 2254 835 2330 obtegere
856 2256 968 2314 errata?
1000 2255 1065 2325 aha,
1080 2258 1147 2316 non

309 2353 384 2410 itast.

149 2449 230 2526 Cape
244 2451 283 2509 sis
297 2450 432 2508 virtutem
446 2448 545 2509 animo
560 2459 589 2508 et
603 2451 691 2509 corde
706 2449 817 2526 expelle
832 2448 972 2509 desidiam
988 2459 1048 2508 tuo.
1081 2455 1145 2511 650

147 2535 246 2626 Atque
266 2550 354 2609 istum
378 2566 434 2625 ego
454 2566 557 2624 agrum
582 2549 635 2606 tibi
658 2548 779 2625 relinqui
802 2551 842 2608 ob
864 2548 930 2607 eam
952 2568 1013 2608 rem
1035 2549 1146 2609 denixe

308 2646 423 2723 expeto,
1114 2658 1146 2706 26

147 2721 187 2804 <rt
207 2746 258 2804 tibi
280 2747 315 2804 sit
336 2746 385 2821 qui
405 2743 434 2803 te
455 2744 604 2820 conrigere
624 2742 735 2820 possis:
758 2763 795 2802 ne
817 2745 938 2803 omnino
960 2743 1093 2820 inopiam

148 2843 233 2901 Cives
254 2842 399 2902 obiectare
419 2843 532 2919 possint
552 2843 613 2912 tibi,
628 2859 702 2918 quos
723 2851 754 2900 tu
775 2841 908 2900 inimicos
928 2841 1029 2899 habes.

147 2948 209 2999 LE.
231 2925 339 2999 Omnia
369 2958 425 3016 ego
453 2941 541 2998 istaec
573 2938 648 3016 quae
676 2947 707 2996 tu
736 2939 806 2996 dixti
835 2940 906 3009 sci0,
931 2938 976 2996 vel
1004 2940 1143 3016 exsigna-

308 3054 392 3094 vero:
1080 3043 1143 3096 655

148 3113 189 3194 <lt
209 3153 270 3194 rem
290 3137 413 3210 patriam
434 3143 463 3193 et
483 3133 604 3210 gloriam
625 3135 768 3194 maiorum
790 3134 934 3194 foedarim
955 3153 1065 3193 meum.
1111 3159 1144 3208 30

149 3234 266 3293 Scibam
286 3244 317 3290 ut
339 3251 402 3291 esse
423 3232 471 3290 me
492 3235 615 3304 deceret,
631 3234 725 3292 facere
746 3252 807 3291 non
828 3233 946 3309 quibam
967 3234 1071 3292 miser:

148 3315 194 3389 sta
214 3332 241 3388 vi
261 3331 382 3389 Veneris
404 3331 524 3402 vinctus
539 3332 600 3390 otio
621 3331 705 3407 aptus
726 3331 755 3387 in
776 3331 907 3388 fraudem
928 3331 1034 3389 incidi:
1081 3351 1089 3365 ⁸

150 3429 208 3489 sed
228 3430 279 3488 tibi
299 3448 376 3489 nunc
396 3428 517 3507 proinde
538 3426 570 3487 rit
590 3447 699 3489 merere
720 3426 849 3487 stimmas
872 3427 966 3488 habeo
987 3426 1104 3504 gratias.
