2452 3810
81 265 130 316 111.
142 266 165 315 3,
179 263 265 328 2657,
452 253 479 307 T
476 254 551 307 RIN
556 254 653 308 VMM
656 256 710 310 VS.
1032 269 1072 333 33

81 417 128 476 Ne
149 436 212 477 rem
233 418 328 494 ipsam
349 417 475 493 indaget,
491 416 590 476 d6tem
612 419 681 476 dare
702 419 725 476 si
747 417 876 478 dixerim.
1015 424 1072 478 755

81 521 152 572 ΜΕ.
176 514 245 586 Quo
266 514 352 590 pacto
374 533 445 590 ergo
465 515 550 590 igitur
570 514 645 573 clim
667 516 721 574 dos
744 518 877 592 depromi
897 519 1013 591 potest?

82 612 144 670 CA.
167 611 247 671 Dum
269 612 384 671 occisio
402 614 428 671 ei
449 616 493 670 rei
510 612 674 688 reperiatur,
690 615 804 672 interim

81 709 130 766 Ab
151 711 248 768 amico
269 709 401 769 alicunde
422 707 555 768 mrituom
577 708 730 785 argentum
751 699 861 786 rogem.

80 815 152 866 ΜΕ.
169 808 254 866 Potin
275 807 319 866 est
340 809 377 865 ab
398 809 493 865 amico
515 805 647 866 alicdnde
669 809 801 867 exorari?
824 816 887 866 ΟΛ.
903 807 1010 866 Potest.
1042 831 1075 876 30

40 952 44 957 .
80 912 153 963 ΜΕ.
174 905 301 963 Gerrae:
324 923 362 962 ne
383 915 413 963 tu
433 905 503 963 illud
523 904 644 963 verbum
665 914 793 964 actutum
815 905 978 964 inveneris:
1015 909 1073 963 760

82 1003 175 1060 ‘lllihi
196 1003 314 1078 quidem
334 1002 430 1061 hercle
451 1002 576 1060 nonest
597 1002 677 1077 quod
698 1002 766 1061 dem
786 1001 937 1063 mrituom.'

81 1108 145 1159 CA.
163 1099 282 1158 ‘Malim
303 1099 399 1159 hercle
419 1109 450 1157 ut
466 1117 566 1157 verum
587 1101 668 1158 dicas
689 1117 777 1175 quam
798 1111 830 1159 ut
851 1101 902 1160 des
923 1098 1073 1158 mdtuom.’

79 1205 151 1255 ΜΕ.
176 1197 234 1256 Sed
255 1198 320 1256 vide
342 1197 494 1256 consilium
516 1198 542 1254 si
563 1197 665 1272 placet.
689 1205 750 1255 cA.
769 1197 850 1268 Quid
871 1198 1019 1256 consilist?

79 1303 154 1354 ME.
165 1295 283 1365 Scitum,
293 1293 325 1352 rit
334 1312 390 1370 ego
401 1295 514 1369 opinor,
524 1293 677 1351 consilium
689 1295 794 1353 inveni.
808 1302 870 1352 ΟΛ.
884 1295 963 1366 Quid
972 1297 1030 1354 est?
1041 1319 1070 1366 35

80 1400 152 1451 ΜΕ.
175 1393 277 1450 Homo
299 1392 478 1450 conducatur
498 1390 600 1467 aliquis
621 1392 679 1449 iam
697 1378 840 1468 ¹quantum
861 1402 957 1469 potest
1014 1398 1070 1450 765

80 1490 188 1565 Ignota
208 1490 288 1559 facie,
307 1488 381 1565 quae
402 1507 462 1547 non
482 1487 594 1547 visitata
614 1489 658 1547 sit

81 1587 317 1646 Mendacilocum
338 1587 462 1663 aliquem
483 1606 537 1644 esse
556 1586 690 1643 homimm
711 1593 812 1661 oportet
830 1588 950 1662 defore,

80 1683 262 1755 Falsidicum,
278 1683 483 1742 confidentem.
507 1690 569 1741 cA.
585 1682 664 1756 Quid
684 1692 746 1740 tum
767 1683 889 1758 postea?

79 1788 151 1840 ΜΕ.
166 1782 196 1840 ls
210 1782 300 1840 homo
315 1773 471 1840 exornetur
486 1780 622 1856 graphice
636 1781 666 1837 in
680 1779 864 1855 peregrinum
878 1781 1006 1852 modum,
1038 1808 1071 1854 40

80 1879 172 1951 Quasi
193 1879 231 1938 itd
252 1881 467 1937 adulescentem
488 1878 506 1936 it
526 1887 607 1954 patre
628 1896 664 1936 ex
687 1876 817 1938 Seleucia
1011 1886 1066 1938 771

78 1975 202 2034 Veniat:
227 1977 349 2035 salutern
370 1976 396 2034 ei
414 1975 525 2034 ndntiet
545 1976 638 2033 verbis
659 1976 764 2050 patris:

78 2071 163 2132 Illdm
181 2075 255 2132 bene
276 2092 375 2149 gerere
396 2092 457 2131 rem
478 2073 506 2131 et
527 2072 620 2130 valere
641 2081 670 2130 et
691 2073 784 2130 vivere

77 2170 117 2228 Et
137 2169 204 2229 eum
225 2171 381 2229 rediturum
402 2169 538 2228 actutum.
560 2169 631 2227 ierat
652 2170 790 2244 epistulas
900 2173 903 2178 ’

78 2268 177 2327 Duas:
199 2267 248 2327 eas
269 2287 325 2327 nos
346 2268 560 2344 consignemus,
575 2268 658 2343 quasi
679 2268 734 2325 sint
755 2266 772 2324 a
793 2277 882 2344 patre.
955 2293 985 2342 45
1010 2277 1066 2328 775
1149 2281 1152 2286 '

79 2366 125 2423 Illi
145 2366 193 2424 det
209 2366 336 2437 alteram,
352 2365 471 2423 alteram
492 2365 568 2424 dicat
588 2365 638 2423 tibi

77 2462 156 2521 Dare
177 2463 241 2521 sese
262 2463 342 2523 velle.
364 2471 427 2522 CA.
445 2462 537 2539 Perge
557 2480 645 2538 porro
667 2463 771 2521 dicere.

77 2569 149 2621 ME.
172 2562 267 2638 Seque
288 2559 388 2620 aurum
409 2561 482 2620 serre
503 2562 605 2637 virgini
627 2561 724 2619 dotem
742 2560 759 2619 it
780 2571 861 2637 patre

76 2659 164 2719 Dicat
184 2671 354 2735 patremque
375 2660 405 2719 id
426 2657 540 2718 idssisse
560 2677 662 2717 aumm
683 2659 734 2716 tibi
756 2658 833 2716 dare.

76 2757 176 2816 Tenes
186 2757 263 2815 iam?
275 2765 337 2815 CA.
347 2757 539 2833 Propemodo‚
550 2755 635 2832 itque
646 2756 776 2815 ausculto
788 2755 948 2830 perlubens.
963 2780 995 2829 50
1007 2762 1064 2817 780

75 2862 147 2914 ΜΕ.
168 2855 249 2912 Tum
269 2865 300 2912 tu
322 2854 407 2930 igitur
429 2854 531 2911 demus
552 2849 728 2911 adulescenti
749 2850 851 2911 aurum
872 2854 963 2925 dabis

75 2953 135 3010 Vbi
155 2953 208 3011 erit
228 2951 323 3011 locata
343 2952 423 3028 virgo
444 2952 475 3008 in
496 2950 719 3008 matrimonium.

75 3060 139 3110 CA.
162 3050 239 3110 Scite
258 3049 352 3108 hercle
369 3068 448 3108 sane.
469 3055 540 3106 ΜΕ.
559 3047 636 3119 Hoc,
652 3045 701 3105 ribi
715 3047 902 3109 thensaurum
921 3051 1062 3122 adridens

76 3149 280 3226 Suspicionem
300 3149 337 3205 ab
358 3146 543 3206 adulescente
564 3146 713 3206 amoveris.

75 3247 214 3307 Censebit
235 3264 337 3304 aurum
356 3264 421 3306 esse
441 3245 459 3306 a
480 3255 561 3322 patre
581 3243 709 3305 adlatdm
729 3246 799 3305 tibi:
948 3271 979 3323 55
1003 3249 1060 3305 785

75 3346 124 3405 Tu
146 3345 183 3404 de
204 3344 358 3403 thensauro
379 3342 485 3404 sdmes.
508 3351 571 3404 (Μ.
587 3343 663 3402 Satis
684 3344 754 3404 scite
774 3345 804 3403 et
824 3346 931 3421 probe:

74 3444 263 3522 Quamquam
284 3443 340 3504 hoc
360 3462 409 3503 me
430 3444 531 3504 aetatis
553 3442 755 3522 sycophantari
774 3443 872 3521 pudet.

555 3561 575 3602 n
