2452 3810
110 286 151 351 52
522 273 602 327 PLA
610 273 661 326 VT
659 271 680 326 I
948 282 982 331 V.
994 283 1018 332 2.
1032 294 1103 346 5-24.

111 436 179 495 Non
194 435 291 493 videor
306 433 443 491 memtsse
457 431 580 503 laudem,
598 430 683 506 culpa
699 432 823 490 caruisse
838 429 968 490 arbitror.
1088 455 1102 502 5

110 533 189 591 Nam
215 532 396 601 beneficium,
424 529 534 587 homini
562 529 710 605 proprium
738 529 819 604 qu6d
846 529 938 600 datur,
967 527 1105 606 prorsum

271 630 360 706 perit:
858 633 859 637 ’
1026 633 1103 687 1130

112 728 201 800 Qu6d
222 729 320 786 datum
341 723 514 795 utendumst,
529 724 680 798 repetundi
702 724 731 781 id
752 724 873 800 copiast,
888 725 1011 801 quando
1026 727 1096 784 velis

113 834 179 884 GH.
200 809 255 884 Est
275 827 314 882 ita
333 835 365 882 ut
386 834 416 880 tu
438 823 516 880 dicis.
540 821 591 878 sed
612 839 668 896 ego
688 820 746 879 hoc
768 822 882 898 nequeo
904 825 1006 882 mirari
1028 826 1098 883 satis

112 921 189 979 Etim
210 940 337 980 sororem
358 920 548 994 despondisse
569 935 651 974 suam
672 919 704 974 in
725 927 785 974 tarn
806 917 911 976 fortem
932 919 1085 980 familiam.

115 1029 177 1099 CA.v
192 1019 307 1094 Lysiteli
328 1016 443 1094 quidem
464 1015 603 1072 Philtonis
623 1013 692 1072 fssio.
735 1021 803 1072 LY.
816 1013 936 1095 (Ande.)
949 1017 1040 1076 Enim
1058 1039 1107 1077 me

275 1116 413 1172 nominat.
1077 1141 1108 1175 10

117 1222 181 1273 cH.
196 1212 346 1271 Familiam
366 1222 516 1287 optumam
537 1211 696 1286 occupavit.
722 1218 788 1269 LY.
803 1208 921 1290 (Aside.)
943 1211 1026 1284 Qutd
1047 1233 1106 1290 ego

273 1327 355 1368 cesso
371 1310 425 1367 hos
440 1310 597 1384 conloqui?
1025 1315 1105 1369 1135

117 1410 174 1470 sed
196 1426 329 1468 maneam
351 1409 445 1476 etiam,
467 1407 587 1482 opinor:
616 1425 742 1483 namque
766 1407 823 1465 hoc
846 1408 1037 1466 commodum
1057 1428 1107 1467 or-

277 1505 351 1566 ditur
365 1507 452 1581 loqui.

118 1614 183 1665 CH.
199 1605 272 1663 Vah.
295 1612 356 1662 (ΞΑ.
372 1600 451 1673 Quid
466 1603 528 1659 est?
546 1608 611 1659 cH.
628 1602 741 1661 Oblitus
756 1603 833 1661 intus
848 1600 958 1661 dudum
971 1605 1024 1663 tibi
1039 1625 1106 1664 sum

276 1704 387 1760 dicere:

118 1799 210 1859 Modo
230 1801 269 1856 mi
290 1798 452 1856 advenienti
472 1807 594 1873 nugator
614 1796 734 1872 quidam
755 1798 878 1858 occessit
897 1799 1024 1870 obviam,

118 1899 211 1956 Nimis
235 1897 437 1974 pergraphicus
460 1896 645 1972 sycophanta.
672 1896 697 1954 is
717 1896 795 1956 mssle
818 1915 969 1954 nummum
994 1915 1026 1955 se
1053 1896 1105 1956 a1'1-

275 2012 356 2052 reum
1075 2021 1104 2066 15

118 2093 188 2153 Meo
209 2093 277 2152 datu
298 2093 347 2150 tibi
361 2091 439 2151 ,serre
460 2102 489 2150 et
509 2100 598 2167 gnato
618 2090 783 2150 Lesbonico
804 2091 881 2151 aibat
901 2111 984 2150 meo:
1025 2099 1105 2152 1140

119 2192 215 2263 Quem
231 2190 287 2266 ego
308 2209 363 2248 nec
384 2190 433 2265 qui
450 2200 525 2247 esset
546 2189 683 2246 noveram
704 2208 798 2266 neque
814 2188 938 2266 usquam
959 2193 1106 2266 conspexi

278 2306 362 2362 pnus

120 2385 177 2445 sed
197 2384 265 2462 quid
285 2386 379 2442 rides?
401 2392 463 2442 CA.
477 2384 548 2442 Meo
568 2383 702 2460 adlegatu
722 2383 806 2456 venit,
826 2386 908 2461 quasi
929 2388 978 2462 qui
1000 2385 1104 2446 aurum

278 2482 347 2538 mihi

118 2579 214 2639 Ferret
235 2581 286 2637 abs
306 2589 334 2636 te
355 2579 434 2655 quod
454 2579 551 2637 darem
572 2589 637 2638 tuae
658 2577 762 2654 gnatae
783 2579 898 2638 dotem:
921 2590 953 2638 ut
973 2580 1052 2641 sssius

119 2676 211 2748 Tuos,
232 2676 347 2753 quando
375 2676 413 2733 illi
440 2694 457 2734 a
484 2676 530 2733 me
558 2676 664 2747 darem,
686 2694 749 2735 esse
777 2677 904 2735 adlatum
930 2677 962 2735 id
991 2680 1045 2737 abs
1074 2690 1103 2738 te

278 2775 403 2833 crederet
1073 2801 1105 2835 κο

119 2869 185 2930 Neri
206 2874 335 2948 quirem
356 2875 447 2948 ipsam
468 2872 566 2948 posset
585 2871 756 2949 intellegere,
777 2870 964 2932 thensaurum
985 2883 1069 2933 tuom

119 2968 170 3026 Me
197 2987 287 3043 penes
315 2989 387 3041 esse,
412 2980 498 3047 atque
522 2969 539 3027 a
566 2989 614 3028 me
637 2970 701 3045 lege
725 2968 825 3046 populi
849 2971 973 3046 patrium
996 2971 1102 3046 posce·

278 3077 328 3125 ret.
370 3096 372 3101 ·
1025 3073 1102 3128 1146

121 3173 185 3224 GH.
206 3164 282 3223 Sene
306 3166 419 3240 edepol.
449 3173 511 3225 uA.
527 3163 732 3243 Megaronides
757 3162 911 3224 conmunis
934 3165 992 3225 hoc
1018 3184 1101 3225 meus

278 3261 307 3320 et
320 3273 386 3321 tuos
1093 3257 1095 3261 ’

12 3382 16 3387 ·
120 3361 299 3422 Benevolens
323 3361 512 3438 conmentust¹
549 3371 614 3423 011.
629 3364 708 3438 Quin
733 3361 876 3425 conlaudo
898 3361 1050 3424 consilium
1072 3360 1102 3422 et

278 3459 380 3539 probe.
397 3536 400 3542 .
