2400 3794
61 222 83 269 1.
95 220 119 269 2.
132 234 204 285 2-32.
427 211 454 265 T
453 211 531 275 RIN
533 213 630 266 VMM
632 213 686 270 VS.
1030 217 1051 286 5

60 373 151 446 onr,
166 392 301 432 venerare
320 383 352 433 ut
373 374 458 434 nobis
478 376 550 437 haec
571 376 709 436 habititio
1013 379 1051 432 40

60 473 145 531 Bona
164 469 258 531 fausta
278 471 344 530 felix
364 472 565 551 fortunataque
586 475 728 534 evenat-

519 570 667 650 (Turning
683 575 852 650 ametysrom
867 574 910 630 the
923 568 1009 650 door.)

60 667 164 744 Teque
185 666 216 726 ut
237 685 323 744 quam
344 670 470 745 primum
491 669 603 746 possim
623 670 738 728 videam
759 670 927 728 emortuam.

59 772 130 823 ME.
153 762 274 844 (Aside.)
295 767 354 825 Hic
374 767 447 826 illest
467 778 584 827 senecta
605 766 698 826 aetate
719 769 769 844 qui
790 765 895 826 factust
915 785 994 844 puer,
1035 790 1049 839 5

60 862 119 933 Qui
140 864 255 922 admisit
274 865 305 922 in
326 883 357 923 se
378 863 494 941 eulpam
517 865 724 941 castigabilem.

58 959 218 1036 Adgrediar
231 961 390 1022 hominem.
406 968 469 1021 CA.
485 963 583 1036 Quoia
593 963 640 1022 hie
651 980 706 1020 vox
721 980 813 1038 prope
828 961 875 1020 me
891 963 995 1020 sonat?
1011 967 1049 1020 45

42 1065 129 1116 ME.
152 1058 211 1116 Tui
232 1061 438 1131 benevolentis,
453 1061 479 1120 si
499 1059 561 1119 ita's
576 1071 608 1119 ut
629 1079 685 1135 ego
706 1059 734 1118 te
755 1060 839 1118 volo:

60 1156 112 1214 Sin
132 1155 211 1215 iliter
232 1176 273 1229 es,
287 1159 395 1216 inimici
417 1164 503 1236 atque
523 1160 588 1218 irati
608 1159 668 1217 tibi.

59 1261 122 1313 CA.
144 1253 173 1313 O
194 1256 296 1325 amice,
312 1255 395 1314 salve.
418 1252 517 1336 [atque
538 1257 673 1332 aequalis.
697 1266 729 1315 ut
750 1257 835 1326 vates,
1020 1279 1050 1316 10

59 1350 264 1427 Megaronides
274 1349 298 1434 i]
319 1360 392 1411 ME.
414 1353 453 1412 Et
473 1364 504 1412 tu
525 1352 628 1430 edepot
651 1353 736 1424 salve,
751 1353 894 1414 Cillicles

57 1447 173 1506 Valen?
194 1450 346 1510 valuistin?
368 1459 430 1510 ΟΔ.
453 1450 547 1510 Valeo
568 1463 596 1509 et
617 1452 692 1509 valui
713 1451 825 1515 rectius.
1010 1456 1048 1510 50

56 1551 128 1603 ME.
140 1545 220 1617 Quid
233 1547 283 1606 tda
297 1550 356 1624 agit
369 1549 461 1607 uxor?
483 1547 514 1607 rit
528 1549 620 1607 valet?
642 1555 704 1606 cA.
717 1548 785 1606 Plus
799 1566 888 1624 quam
903 1545 959 1623 ego
973 1549 1048 1607 volo

13 1705 21 1718 .
56 1649 128 1700 ME.
150 1644 229 1703 Bene
250 1644 370 1705 herclest
391 1647 468 1704 illam
488 1647 538 1704 tibi
559 1646 651 1704 valere
673 1654 702 1705 et
722 1647 824 1703 vivere.

57 1747 120 1798 oA.
142 1742 239 1801 Credo
259 1743 354 1802 hercle
375 1753 404 1803 te
424 1744 559 1821 gaudere,
575 1745 669 1821 siquid
689 1743 761 1802 mthi
782 1743 884 1802 malist.
1019 1768 1046 1816 15

56 1845 128 1895 ME.
152 1838 296 1900 Omnibus
318 1843 418 1901 amicis
439 1843 520 1919 quod
540 1842 638 1901 mihist
658 1841 745 1918 cupio
768 1841 832 1899 esse
853 1842 939 1900 idem.

58 1943 121 1994 oA.
143 1935 208 1994 Eho
230 1936 268 2008 ni,
283 1948 332 1996 tua
352 1957 426 1996 uxor
446 1940 517 2015 quid
538 1941 617 2015 agit?
638 1946 709 1997 ME.
732 1938 898 1997 Inmortalis
919 1949 981 1998 est:
1009 1944 1047 1997 55

57 2033 137 2091 Vivtt
157 2033 356 2110 victuraquest.
379 2043 442 2093 ΟΛ.
464 2035 544 2095 Bene
565 2036 659 2094 hercle
681 2034 805 2107 nuntias

56 2132 196 2207 Deosque
217 2132 269 2190 610
289 2143 321 2190 ut
341 2133 415 2190 vitae
435 2132 502 2191 tuae
523 2133 675 2210 superstes'
689 2131 838 2209 suppetat.¹

56 2237 128 2288 ME.
149 2230 229 2289 Dum
251 2230 369 2307 quidem
390 2229 486 2290 hercle
507 2240 602 2290 tecum
624 2228 714 2307 nupta
735 2232 779 2301 sit,
797 2229 867 2289 sane
887 2231 980 2289 velim.
1018 2255 1048 2290 κο

57 2335 120 2387 ΟΔ.
142 2329 202 2386 Vin
222 2328 446 2388 conmutemus?
467 2327 546 2387 triam
567 2347 623 2403 ego
645 2328 750 2386 ducam
772 2338 800 2386 et
821 2326 852 2386 tri
873 2331 989 2387 meam?

55 2426 136 2485 Faxo
158 2425 216 2484 hau
238 2427 381 2485 tantillum
402 2426 514 2486 dederis
534 2425 685 2486 verborum
707 2427 785 2485 mihi.

28 2557 31 2563 -
55 2531 126 2582 ME.
149 2524 285 2602 Namque
307 2524 385 2582 enim
406 2533 445 2596 tu,
460 2525 557 2595 credo,
572 2544 619 2583 me
641 2525 843 2600 inprudentem
866 2524 1036 2601 obrepseris.

57 2630 119 2681 ΟΛ.
143 2623 189 2681 Ne
211 2633 242 2680 tu
263 2621 355 2681 hercle
376 2621 444 2680 faxo
466 2623 522 2681 hau
544 2623 656 2682 nescias
677 2642 765 2701 quam
786 2642 847 2683 rem
868 2622 968 2698 egeris.

1010 2415 1105 2486 eos

55 2727 127 2778 ME.
149 2720 270 2779 Habeas
291 2729 323 2777 ut
344 2721 492 2778 nanctu’s:
508 2721 578 2780 nota
599 2722 674 2779 mala
695 2740 740 2780 res
762 2722 915 2798 optumast.
1017 2745 1046 2795 25

55 2816 134 2875 Nam
156 2836 212 2893 ego
233 2816 311 2875 nunc
334 2820 358 2877 si
379 2820 510 2895 ignotam
533 2819 653 2895 capiam,
668 2819 739 2895 quid
760 2838 846 2896 agam
867 2820 1003 2879 nesciam.

57 2923 120 2975 cA.
141 2915 256 2992 Edep6l
276 2917 400 2993 proinde
420 2928 451 2975 ut
472 2919 547 2975 bene
568 2917 676 2989 vivitur,
691 2918 741 2976 diu
762 2920 828 2976 vivit
818 2930 871 2978 t.ur
1009 2925 1046 2978 65

54 3022 126 3072 ME.
150 3013 208 3072 Sed
228 3014 266 3073 ho
306 3015 436 3140 iqimum
458 3016 576 3074 advorte
597 3025 682 3092 atque
704 3036 741 3073 au
744 3016 783 3075 fer
803 3016 972 3076 ridicularia.
1129 3092 1131 3097 Ι

53 3113 134 3170 Nam
155 3131 212 3187 ego
234 3111 297 3170 de
291 3106 342 3170 1¹ta
350 3114 439 3191 operia
459 3113 516 3171 huc
538 3112 575 3171 ad
597 3124 624 3171 te
645 3114 737 3173 venio.
760 3123 822 3173 CA.
845 3115 925 3189 Quid
946 3114 1046 3220 veniq?

52 3218 125 3268 ME.
148 3210 235 3269 Malis
255 3221 284 3269 te
304 3221 336 3269 ut
356 3213 449 3269 verbis
470 3209 566 3269 multis
587 3213 709 3270 multum
731 3212 855 3289 obiurgit
857 3232 928 3272 ern.
978 3188 1045 3282 ²‘30

54 3317 118 3367 CA.
140 3308 231 3367 Men?
253 3313 325 3366 ME.
338 3307 484 3384 Numquis
498 3319 542 3367 est
559 3309 605 3367 hie
621 3309 692 3369 ilius
707 3321 788 3385 praet
790 3329 820 3369 er
835 3329 882 3368 me
897 3254 983 3384 atqie
997 3313 1044 3369 te?

54 3415 118 3467 cA.
141 3404 274 3466 Nemost.
297 3413 368 3464 ME.
390 3405 470 3478 Quid
488 3416 519 3466 tu
537 3407 622 3484 igitur
640 3406 749 3483 rogitas
769 3418 835 3468 tene
853 3405 1043 3483 obiurgitem?
