2400 3794
52 213 75 264 1.
86 216 110 264 2.
120 213 239 278 131-158.
419 197 678 257 TR'INVMMVS.

52 366 145 427 Aedis
165 360 275 426 venalis
295 362 383 425 hisce
403 365 532 424 inscribit
551 362 660 423 litteris.

52 472 123 522 ME
145 462 309 522 Adesurivit
328 462 357 521 dt
377 462 493 520 inhiavit
513 462 605 520 acrius

53 561 172 638 Lupus:
194 560 353 619 observavit
374 557 444 618 duim
466 558 632 619 dormitaret
653 575 757 619 canest
983 556 1041 614 170

55 658 182 735 Gregem
202 636 369 717 dnivorsdm
389 657 478 716 voluit
498 666 591 717 totum
613 658 750 716 avortere.

54 761 116 812 CA.
140 754 271 813 Fecisset
291 754 404 831 edepol,
419 755 450 812 ni
470 754 542 814 haec
562 753 769 834 praesensisset
790 769 886 813 canes.
995 768 1040 818 ¹35

55 854 113 913 Sed
134 851 213 913 minc
233 870 336 928 rogare
356 853 405 911 loc
425 852 481 930 ego
502 853 627 915 vicissim
647 853 675 914 te
696 853 779 913 volo:

55 952 134 1023 Quid
154 949 206 1011 idit
227 950 354 1010 officium
374 950 473 1010 merim
494 971 542 1012 me
563 952 676 1013 iacere?
697 952 743 1011 iic
764 951 871 1012 sciam:

54 1045 160 1104 Vtrum
180 1045 306 1105 indicare
326 1061 374 1104 me
395 1047 424 1104 ei
444 1046 631 1106 thensaurum
652 1047 778 1123 aequom
799 1044 860 1114 luit,
985 1044 1041 1100 175

55 1143 220 1202 Advorsum
241 1160 328 1219 quam
349 1143 412 1202 eius
432 1161 479 1202 me
501 1142 707 1217 obsecravisset
727 1141 827 1219 pater?

54 1242 104 1300 An
125 1258 182 1315 ego
202 1237 289 1298 alium
311 1239 462 1298 dominum
483 1239 595 1318 paterer
616 1242 676 1300 fieri
696 1239 776 1300 hisce
797 1234 936 1297 aedibus?
996 1257 1043 1304 140

55 1339 115 1410 Qui
136 1338 262 1408 emisset,
277 1337 338 1396 eius
359 1336 473 1397 essetne
493 1357 529 1397 ea
550 1336 691 1415 pecunia?

53 1435 121 1494 Emi
141 1435 259 1511 egomet
278 1435 375 1511 potius
396 1434 496 1494 addis:
518 1433 669 1511 argentum
691 1434 757 1495 dedi

54 1530 220 1592 Thensadri
239 1550 335 1602 causa,
349 1541 381 1590 ut
402 1531 512 1592 silvom
533 1533 628 1592 amico
648 1531 799 1592 traderem.
986 1532 1042 1586 180

54 1630 159 1708 Neque
180 1630 254 1689 adeo
276 1630 364 1689 hasce
383 1632 442 1689 emi
463 1631 534 1689 mihi
555 1648 610 1690 nec
631 1628 735 1690 usurae
756 1647 859 1690 meaer

54 1728 101 1786 Illi
120 1729 229 1787 redemi
249 1725 372 1798 rursum,
388 1747 405 1787 a
425 1747 473 1787 me
493 1727 646 1805 argentim
665 1729 741 1788 dedi.
998 1746 1041 1796 ¹45

55 1827 140 1885 Haec
162 1824 247 1885 srint:
268 1827 391 1886 sirecte
412 1826 463 1887 seu
484 1847 619 1904 pervorse
639 1826 715 1887 ficta
736 1837 812 1899 sunt,

54 1922 122 1999 Ego
141 1921 189 1981 me
211 1922 311 1982 iecisse
332 1924 479 1996 confiteor,
494 1924 709 2001 Megaronides.

55 2021 112 2078 Em
133 2019 199 2078 mea
219 2020 378 2093 malefacta,
394 2022 442 2080 em
461 2041 559 2081 meam
579 2021 726 2083 avaritiim
746 2022 806 2081 tibi.
986 2024 1043 2078 185

55 2119 169 2178 Hascin
191 2118 232 2176 mi
252 2128 370 2196 propter
389 2119 435 2178 res
454 2119 545 2178 malas
565 2118 658 2179 famis
678 2119 793 2178 ierunt?

55 2224 127 2275 ΜΕ.
147 2222 268 2274 Παῦσαι
290 2216 381 2274 vicisti
402 2216 602 2292 cistigatorem
623 2226 714 2276 tuom.
999 2238 1045 2288 150

55 2312 185 2374 Occldsti
206 2313 352 2390 linguam:
374 2314 445 2372 nihil
466 2325 511 2373 est
531 2314 611 2391 quod
631 2315 833 2391 respondeam.

56 2420 118 2471 cd
142 2412 229 2470 Nunc
250 2411 307 2487 ego
328 2422 356 2470 te
377 2430 488 2489 quaeso
508 2421 539 2470 ut
559 2430 607 2470 me
629 2412 718 2489 opera
739 2424 768 2471 et
788 2412 910 2472 consilio
931 2414 1010 2471 iuves

11 2522 12 2527 ’
55 2508 311 2586 Conmrinicesque
331 2509 409 2567 hanc
429 2509 546 2568 mecum
566 2528 664 2568 meam
685 2511 863 2588 provinciam
988 2514 1045 2567 190

11 2773 17 2826 l

18 2982 21 3015 1

55 2615 127 2667 ΜΕ.
149 2607 292 2666 Polliceor
317 2626 445 2684 operam.
488 2615 551 2666 CA.
575 2607 656 2685 Ergo
685 2607 735 2666 ribi
763 2610 819 2668 eris
843 2608 931 2686 paulo
959 2608 1045 2687 post?

216 2711 287 2762 Mn.
309 2705 414 2765 Domi:

57 2801 210 2877 Numquid
220 2803 282 2861 vis?
311 2810 374 2863 ΘΑ.
390 2802 480 2863 Cures
491 2803 571 2863 tuim
581 2805 676 2864 fidem.
705 2813 777 2864 ΜΕ.
792 2804 838 2863 Fit
849 2803 967 2864 sedulo:
999 2827 1045 2876 155

413 2900 549 2979 (Mouz'ng
562 2921 652 2978 awczy,
668 2904 731 2960 then
744 2905 863 2979 turning
877 2903 965 2980 back.)

57 2997 115 3058 Sed
136 2997 206 3074 quid
227 2998 288 3057 ais?
331 3006 392 3056 cA.
415 2997 494 3069 Quid
515 2999 576 3058 vis?
617 3006 688 3058 ΜΕ.
712 2976 771 3057 libi
785 3017 863 3058 nunc
876 2998 1046 3058 adulescens

219 3096 325 3155 habet?

57 3202 120 3254 cA.
142 3193 321 3251 Posticulum
341 3193 398 3252 hoc
419 3192 537 3271 recepit,
551 3212 643 3270 quom
663 3195 742 3255 aedis
762 3194 898 3254 vendidit.

11 3258 27 3310 ¹
57 3299 130 3350 ΜΕ.
151 3289 232 3351 Istric
253 3290 386 3350 volebam
407 3292 498 3350 scire:
521 3292 530 3348 i
551 3310 621 3350 sane
641 3291 719 3350 minc
740 3294 806 3351 iam
990 3297 1046 3350 195

18 3464 31 3503 1

329 3387 440 3470 (Agazn
453 3391 563 3467 noutng
575 3408 665 3468 away,
680 3391 740 3449 and
749 3392 866 3468 turning
880 3387 967 3470 back.)
