2400 3794
133 249 174 295 20
551 239 711 295 PLAVTJ
961 258 1096 329 nan

131 402 161 461 Is
182 400 302 462 herclest
322 405 410 482 ipsus.
452 411 507 463 SE.
530 389 642 482 Edepol
663 425 701 465 ne
722 425 779 484 ego
800 405 888 466 istrim
912 412 1011 474 velim

131 501 232 559 Meum
252 502 315 561 lleri
336 521 449 562 servom
471 502 537 562 crim
559 523 612 563 suo
633 504 756 582 peculio,

130 606 198 658 PH.
216 600 308 658 Erum
329 601 415 677 etque
436 620 549 660 servom
570 602 734 678 pldrumum
756 603 851 663 Philte
872 606 961 667 iubet
1087 628 1096 676 ς

131 697 253 768 Salvere,
269 699 464 757 Lesbonlcum
486 710 514 757 et
536 699 700 759 Stasimum.
742 709 806 760 LE.
827 703 868 760 Di
890 704 981 766 duint

129 794 206 866 Tibi,
220 796 324 867 Philto,
339 815 561 872 quaequomque
583 797 674 873 optes.
704 799 774 874 quid
795 801 854 875 agit
875 799 1001 863 lssiusi‘

129 900 197 951 PH.
220 893 301 953 Bene
321 895 380 952 volt
401 895 459 952 tibi.
501 900 562 951 LE.
584 895 698 971 Edepol
718 895 850 955 mutuom
872 899 1003 961 mecdm
1029 909 1096 968 facil

128 998 184 1050 SE.
212 990 331 1070 (Aside.)
360 991 495 1068 Nequam
520 992 589 1049 illud
614 995 759 1051 verbumst
781 993 874 1052 ‘bene
895 998 979 1070 volt‚’
1007 1006 1071 1066 nisi
1095 1040 1096 1056 .

288 1089 459 1149 benefacit.

127 1187 194 1263 Ego
216 1187 333 1263 quoque
354 1188 420 1246 volo
441 1205 505 1247 esse
526 1188 614 1247 llber:
643 1186 819 1265 nequiqudm
839 1190 919 1252 volo,
1084 1208 1096 1261 4

128 1283 188 1342 Hic
210 1285 334 1361 postulet
355 1284 428 1360 frugi
449 1284 530 1344 esse:
561 1303 653 1361 nugas
674 1286 807 1361 pestulet.

127 1389 195 1441 PH.
218 1382 303 1442 Meus
325 1383 430 1459 gnittus
451 1402 499 1441 me
520 1382 557 1441 ad
578 1393 605 1440 te
627 1384 712 1452 misit,
727 1385 801 1442 inter
821 1392 850 1442 te
872 1384 966 1463 etque
992 1411 1058 1456 nos

126 1479 314 1538 Adllnitatem
334 1490 366 1538 ut
386 1481 570 1539 conciliarem
592 1491 619 1538 et
640 1480 768 1557 gretiam.

127 1578 225 1638 Tuam
246 1580 304 1637 volt
325 1597 454 1638 sororem
477 1578 580 1636 ducere
601 1595 740 1636 uxorem:
770 1578 890 1638 etmihi

127 1676 274 1734 Sententia
295 1677 425 1734 eademst
445 1675 474 1734 et
494 1676 568 1734 volo.
610 1683 672 1733 LE.
696 1675 766 1734 Hau
787 1677 879 1735 nosco
902 1688 1017 1748 tuom:
1080 1699 1096 1752 4

126 1772 217 1831 Bonis
239 1773 294 1832 tuis
316 1776 401 1832 rebus
422 1772 502 1832 meets
524 1792 569 1832 res
591 1773 697 1832 inrides
718 1774 817 1833 malas.

125 1877 192 1928 ΡΗ.
214 1861 316 1931 Homo
336 1871 393 1946 ego
415 1888 488 1941 sum,
508 1881 539 1929 tu
560 1870 688 1929 homo's:
716 1872 756 1929 lta
775 1890 823 1929 me
847 1875 961 1936 amabit
989 1881 1096 1965 Irippit

124 1967 229 2044 Neque
250 1968 278 2027 te
300 1969 425 2028 derisum
448 1968 569 2028 advenio
591 1987 685 2043 neque
707 1967 827 2042 digmim
842 1978 933 2044 «puto.

124 2065 234 2125 Verum
254 2067 310 2127 hoc
332 2067 412 2143 quod
433 2067 490 2125 dixi
512 2065 594 2124 meus
615 2084 663 2123 me
684 2066 774 2123 oravit
794 2065 877 2135 fssius,

122 2163 163 2222 Vt
182 2164 262 2223 tuem
284 2183 413 2224 sororem
434 2165 585 2242 peseerem
607 2164 728 2220 uxorem
749 2163 812 2221 sibi.
1077 2188 1093 2240 4

122 2269 184 2321 LE.
206 2261 338 2322 Mennim
359 2282 407 2322 me
428 2282 522 2322 rerum
543 2262 657 2320 n6visse
678 2269 831 2334 aequomst
851 2260 1007 2332 ordinem,

123 2361 198 2420 Cum
219 2363 320 2420 vostris
341 2372 438 2420 nostra
458 2362 519 2418 non
540 2371 583 2418 est
603 2377 695 2435 aequa
716 2356 819 2417 saletio:
848 2377 1043 2491 w

121 2459 309 2518 Adfluitatem
331 2459 412 2516 vobis
432 2459 517 2516 aliam
538 2456 673 2533 quaerite.
848 2461 872 2477 ’·

122 2565 177 2616 8¹1¹.
199 2557 280 2616 Satin
300 2566 332 2614 tu
353 2554 447 2613 sanu's
469 2554 573 2612 mentis
595 2564 644 2612 aut
665 2555 755 2613 animl
776 2554 824 2625 tui,

122 2654 182 2725 Qui
203 2654 405 2713 cendicionem
426 2653 502 2712 hane
524 2652 676 2728 repudies?
705 2671 774 2709 nam
795 2648 874 2710 illrim
896 2657 951 2717 tibi
1076 2675 1096 2727 4*¹

121 2752 318 2811 Ferentr'rrium
339 2771 402 2812 esse
424 2751 551 2810 amicum
573 2752 721 2809 inventum
742 2749 886 2824 intellego.

120 2858 181 2908 LE.
207 2851 286 2908 Abin
299 2850 368 2910 hlnc
383 2851 526 2909 dierectei
568 2856 624 2907 sd.
647 2848 677 2906 Si
691 2846 787 2905 hercle
801 2848 841 2904 ire
856 2849 1028 2932 occipiens,
1041 2875 1096 2924 vot<

119 2956 182 3006 LE.
204 2948 268 3005 Nisi
288 2967 336 3006 me
357 2948 433 3006 eliud
454 2949 524 3025 quid
545 2950 593 3019 vis,
609 2947 712 3016 Philto,
728 2945 866 3022 respondi
886 2948 951 3010 tibi.

120 3053 188 3104 PH.
209 3045 421 3122 Benigniorem,
436 3046 606 3115 Lesbonlce,
622 3043 649 3102 te
670 3044 750 3114 mihi,

120 3145 218 3216 Quam
238 3141 315 3201 nunc
336 3145 469 3222 experior
491 3144 562 3213 esse,
579 3142 694 3202 confido
716 3142 795 3201 fore:
1069 3163 1096 3218 45

120 3242 197 3301 Nam
218 3251 247 3301 et
267 3239 351 3300 strilte
371 3241 466 3300 facere
487 3252 516 3301 et
537 3240 620 3300 str'rlte
641 3239 800 3311 fabulerier,
1090 3268 1096 3312 l

118 3339 290 3415 Vtrumque,
304 3339 476 3409 Lesbonlce,
491 3340 521 3397 in
543 3348 636 3396 aetate
657 3336 714 3395 bari
735 3339 883 3399 bonumst.

119 3446 174 3497 ST.
190 3438 301 3497 Verum
313 3436 409 3496 hercle
421 3434 468 3495 hic
484 3437 560 3496 dicit.
596 3442 657 3494 LE.
674 3419 800 3496 Oculum
819 3455 876 3513 ego
897 3441 1048 3511 effodiam
1063 3451 1096 3511 tsn'
