2452 3810
151 219 169 280 8
563 225 643 280 PLA
651 227 704 280 VT
700 226 722 281 J
949 234 971 283 1.
983 234 1007 283 2.
1021 245 1149 296 roo-130.

151 391 203 450 Ille
224 393 275 468 qui
294 391 441 449 mandavit
461 385 618 450 exturbasti
638 408 675 449 ex
696 384 838 449 aedibus?
866 421 870 428 ·
991 385 994 389 ’
1101 410 1149 445 100

150 489 265 566 Edepel
285 490 456 548 mandatum
476 486 574 565 prilcre
595 498 624 547 et
645 484 775 546 curattim
796 487 897 563 probe.

151 587 246 645 Crede
267 587 334 645 huic
355 586 488 644 tutelam:
511 584 594 645 suem
614 603 676 644 rem
696 584 799 642 melius
820 583 950 658 gesserit.

153 693 216 743 CA.
239 683 358 759 Subigis
377 682 538 742 maledictis
557 681 605 739 me
626 682 690 752 tuis,
705 661 922 755 Megarenides,
1090 684 1149 738 140

151 780 237 841 Nove
259 781 349 839 modo
371 780 445 839 adeo
467 792 498 838 ut
519 779 599 856 qued
619 797 702 837 meae
724 775 949 838 concreditumst

152 877 354 938 Tacitiirnitati
374 876 458 947 clem,
473 876 530 935 fide
552 885 581 934 et
601 873 733 947 fidriciae,
855 896 856 900 ¹
998 878 999 882 ’
1102 898 1148 947 105

152 975 199 1035 Ne
220 973 399 1035 emintiarem
420 975 576 1051 quoiquam
596 991 654 1032 neu
675 970 799 1032 facerem
820 973 924 1050 palam,

152 1073 192 1131 Vt
213 1073 287 1131 mihi
307 1064 427 1130 necesse
449 1072 485 1129 sit
505 1071 563 1128 iam
583 1070 614 1128 id
633 1071 685 1128 tibi
705 1069 887 1129 concredere.

151 1178 222 1229 ΜΕ.
244 1169 319 1228 Mihi
340 1167 420 1244 qued
441 1167 604 1238 credideris,
619 1165 717 1226 semes
738 1168 788 1225 ubi
809 1167 958 1243 posiveris.
1088 1172 1150 1226 145

152 1277 215 1326 CA.
238 1264 508 1341 Circrimspicedum
528 1275 566 1336 te,
580 1264 779 1341 nequisadsit
799 1263 903 1323 erbiter

151 1365 255 1436 Nobis,
271 1373 299 1423 et
319 1382 428 1440 quaeso
450 1361 608 1422 identidem
630 1360 827 1438 circdmspice.
1100 1386 1149 1420 110

151 1471 223 1521 ME.
246 1461 346 1541 (After
358 1461 468 1539 looking
484 1459 594 1541 round.)
614 1458 756 1520 Auscrilto
778 1459 873 1537 siquid
894 1460 982 1520 dicas.
1027 1467 1093 1518 CA.
1119 1461 1151 1520 Si

280 1576 282 1585 ’
315 1560 420 1630 tacees,
436 1561 546 1637 loquar.

152 1660 302 1731 Quoniem
324 1659 471 1735 profectus
491 1658 559 1716 hinc
580 1669 624 1718 est
645 1676 765 1735 peregre
786 1657 968 1729 ChermideS,

153 1756 358 1817 Thensarirum
380 1756 585 1815 demonstrevit
606 1757 677 1813 mihi
698 1757 730 1814 in
750 1756 830 1816 hisce
851 1757 978 1827 aedibus,
1088 1760 1149 1814 150

153 1855 213 1914 Hic
234 1857 264 1913 in
285 1854 415 1913 conclavi
436 1852 572 1929 quddam.
595 1853 647 1911 sed
667 1851 866 1931 circrimspice.

153 1962 225 2013 ΜΕ.
248 1954 346 2012 Nemo
360 1954 405 2012 hic
415 1964 467 2012 est.
490 1961 552 2011 CA.
575 1951 737 2010 Nummum
746 1953 931 2032 Philippeum
940 1953 978 2011 ad
992 1951 1045 2011 tria
1056 1952 1149 2012 mssia.

153 2053 189 2112 Id
210 2052 290 2112 selus
310 2051 405 2111 solum
426 2051 479 2126 per
499 2050 655 2110 amicitiam
676 2059 705 2109 e't
725 2049 779 2127 per
799 2050 888 2110 fidem
1102 2061 1151 2109 116

152 2151 241 2211 Flens
260 2168 308 2208 me
329 2149 489 2209 ebsecravit
510 2149 562 2208 sue
583 2168 621 2207 ne
642 2157 732 2224 gnato
751 2148 902 2208 crederem

153 2249 222 2307 Neu
243 2249 410 2325 quoiquam,
425 2246 503 2305 unde
524 2246 562 2305 ad
582 2264 650 2305 eum
669 2247 701 2306 id
721 2244 821 2323 p6sset
841 2244 1070 2323 permanescere.
1090 2251 1151 2305 155

154 2347 242 2405 Nunc
264 2347 289 2405 si
310 2345 357 2403 ssle
378 2345 435 2403 huc
457 2344 551 2403 salvos
570 2342 685 2414 revenit,
700 2343 821 2403 reddam
842 2343 927 2403 suem
944 2343 1014 2402 sibi:

155 2443 258 2519 Siquid
278 2460 314 2501 eo
336 2441 428 2512 fuerit,
443 2440 518 2499 certe
539 2441 612 2499 illius
633 2439 708 2499 fssiae
1102 2465 1152 2500 120

155 2539 240 2609 Quae
261 2539 333 2597 mihi
352 2538 516 2596 mandatast
536 2535 630 2596 hebeo
653 2537 752 2595 dotem
773 2539 801 2595 ei
816 2535 895 2598 ende
916 2538 993 2610 dem,
1138 2542 1141 2543 ⁷

154 2634 196 2693 Vt
216 2655 282 2694 eam
303 2638 334 2693 in
356 2653 386 2694 se
409 2634 529 2709 dignam
550 2633 755 2693 cendicionem
776 2636 939 2695 cenlocem.

153 2740 224 2790 ΜΕ.
247 2735 304 2793 Pro
326 2734 355 2792 di
376 2733 551 2802 inmortales,
566 2731 660 2791 verbis
681 2733 781 2809 paucis
803 2733 891 2809 quern
911 2735 969 2793 cito
1091 2739 1152 2794 160

153 2830 251 2889 Alium
272 2832 363 2890 fecisti
384 2849 449 2888 me:
470 2829 542 2889 elius
563 2829 601 2889 ad
621 2839 650 2888 te
670 2829 813 2890 veneram.

155 2929 215 2988 Sed
235 2938 266 2988 ut
286 2928 434 3005 decepisti,
448 2929 538 3005 perge
558 2946 645 3004 porro
667 2929 810 3005 preloqui.
1105 2953 1152 3003 125

155 3034 217 3086 ΘΑ.
241 3026 321 3098 Quid
341 3027 395 3085 tibi
415 3045 472 3102 ego
493 3026 611 3084 dicam?
630 3028 680 3102 qni
701 3028 776 3086 sslius
798 3024 968 3103 sapientiam

155 3123 195 3182 Et
215 3124 311 3183 meem
332 3123 498 3183 fidelitetem
519 3133 548 3182 et
569 3123 662 3182 celata
684 3123 783 3183 emnia

155 3222 254 3281 Paene
274 3222 319 3279 ssle
340 3222 461 3297 ignavos
483 3219 611 3279 srinditus
631 3219 750 3296 pessum
771 3222 859 3282 dedit.
983 3244 986 3250 ·
1092 3228 1153 3285 165

156 3327 228 3378 ΜΕ.
250 3317 399 3391 Quidem?
436 3327 498 3376 (ΞΑ.
513 3317 600 3389 Quia,
614 3318 672 3376 ruri
685 3316 755 3377 drim
770 3337 836 3377 sum
850 3339 907 3396 ego
922 3338 998 3380 unos
1012 3318 1064 3379 sex
1080 3320 1154 3394 dies,

157 3416 209 3478 Me
230 3417 349 3477 absente
370 3425 456 3494 atque
477 3415 626 3489 insciente,
640 3415 806 3477 inconsulte
826 3434 903 3493 mco,
1103 3441 1154 3492 130
