2400 3794
64 243 98 292 11.
112 243 134 292 4.
146 241 235 306 ⁶3-94.
441 226 701 303 anerMMVS.
1014 233 1049 281 21

66 392 96 450 Si
117 390 235 449 verbum
258 389 411 448 addideris.
453 397 507 448 ST.
532 389 639 447 Hercle
660 389 709 464 qui
730 386 825 446 dicim
846 396 959 446 tamen:

65 489 144 546 Nam
165 491 191 547 si
212 488 253 547 sic
274 505 335 545 non
355 486 459 558 licebit,
474 488 571 546 luscus
592 487 702 547 dixero,
997 489 1054 542 465

65 594 133 645 PH.
155 587 200 644 Ita
221 584 299 645 minc
320 596 351 644 tu
372 586 442 645 dicis
464 585 523 643 non
546 604 610 644 esse
632 583 852 660 aequiperibilis
1024 590 1054 652 ⁶5

64 684 187 742 Vostrds
209 702 274 741 cum
297 684 402 741 nostris
424 681 564 742 fictiones
585 681 671 758 itque
694 682 786 758 opes?

63 790 126 840 Lu.
148 782 232 841 Dico.
268 789 336 846 PH.
357 780 456 853 Quid?
478 799 556 839 nunc
571 781 638 839 siin
657 780 759 839 aedem
774 779 812 838 ad
827 797 929 839 cenam
946 777 1056 836 veneris

65 883 161 955 Atque
183 881 222 936 ibi
243 880 398 955 opulentus
419 879 470 936 tibi
490 896 542 954 par
563 877 636 936 iorte
657 876 822 935 obvenerit:

11 1029 20 1054 .=
65 978 209 1053 Adposita
230 995 303 1035 cena
323 977 367 1047 sit,
382 975 552 1052 popularem
574 975 663 1050 quaim
684 984 807 1034 vocant:
997 978 1055 1030 470

10 1055 21 1084 ³
66 1075 96 1132 Si
116 1075 156 1132 illi
177 1085 334 1149 congestae
356 1074 413 1131 sint
434 1072 536 1147 epulae
558 1091 575 1129 a
597 1071 765 1142 cluintibus,
1026 1091 1056 1144 70

67 1172 169 1248 Siquid
189 1172 241 1231 tibi
262 1171 375 1246 placeat
395 1168 476 1246 quod
496 1169 544 1237 illi
558 1168 729 1244 congestum
750 1171 810 1241 siet,

65 1271 176 1329 Edisne
197 1288 235 1327 an
255 1267 406 1327 incenatus
428 1285 496 1326 cum
517 1269 655 1343 opulento
677 1267 820 1327 accubes?

32 1425 33 1430 ,
64 1374 126 1427 LE.
149 1367 245 1436 Edim,
261 1366 316 1424 nisi
338 1367 361 1424 si
382 1365 428 1424 ille
449 1365 536 1423 votet.
577 1373 632 1422 ΒΤ.
653 1366 695 1422 At
715 1365 766 1440 pol
787 1383 852 1441 eg0‚
868 1369 923 1425 etsi
942 1376 1027 1435 votet,

64 1465 152 1523 Edim
172 1464 259 1542 atque
280 1465 421 1524 ambabus
441 1461 525 1521 milis
546 1462 668 1539 expletis
689 1480 797 1532 vorem,
995 1468 1053 1520 475

63 1563 102 1620 Et
122 1564 201 1640 quod
222 1564 260 1621 illi
281 1565 399 1639 placeat,
415 1560 588 1638 praeripiam
608 1561 818 1637 potissumum:
1025 1579 1053 1634 75

50 1661 168 1738 ,Neque
189 1662 230 1720 illi
251 1662 410 1720 concedam
431 1661 588 1736 quicquam
609 1659 645 1717 de
666 1657 723 1717 vita
744 1676 819 1718 mea.

63 1758 261 1818 verecundari
282 1758 430 1816 neminem
450 1757 530 1833 apud
549 1755 682 1814 mensam
703 1756 804 1814 decet:

10 1914 22 1928 ,
65 1857 142 1916 Nam
163 1858 202 1914 ibi
224 1856 261 1914 de
283 1857 385 1915 divinis
406 1855 493 1931 itque
514 1855 647 1914 humanis
669 1854 801 1914 cernitur.

31 1968 34 1984 ¹
63 1961 131 2011 PH.
154 1953 230 2011 Rem
251 1953 385 2012 fabulare.
427 1959 482 2010 ST.
506 1952 576 2010 Non
597 1952 665 2011 dolo
686 1952 781 2010 dicam
802 1953 870 2012 tibi:
995 1957 1054 2011 480

63 2051 214 2110 Decedam
236 2069 293 2126 ego
313 2051 352 2107 illi
373 2048 409 2108 de
430 2051 483 2120 via,
500 2050 536 2108 de
557 2049 668 2120 semita,
1023 2063 1055 2107 tro

63 2150 109 2208 De
131 2146 248 2207 honore
264 2147 382 2225 populi:
404 2145 503 2204 verum
524 2147 604 2222 quod
627 2147 663 2205 ad
685 2156 813 2205 ventrem
835 2144 944 2215 attinet,

62 2247 133 2306 Non
154 2246 250 2305 hircle
267 2245 324 2304 hoc
344 2244 442 2320 longe,
457 2244 513 2302 nisi
533 2262 580 2302 me
602 2244 708 2319 pugnis
730 2244 834 2302 vicerit.

63 2344 146 2403 Cena
166 2343 222 2402 hac
243 2353 389 2401 annonast
410 2341 472 2400 sine
495 2343 582 2400 sacris
603 2340 752 2400 hereditas.

10 2445 34 2462 ¹·
61 2449 129 2501 PH.
154 2440 275 2516 Semper
296 2450 333 2499 tu·
348 2439 444 2509 facitu,
461 2438 632 2510 Lesbonice,
646 2438 703 2497 hoc
725 2438 843 2514 cogites
967 2443 968 2450 ’
996 2443 1054 2496 485

62 2540 99 2598 Id
120 2541 273 2615 optumum
294 2556 357 2596 esse
379 2535 439 2595 trite
459 2538 501 2596 uti
523 2537 561 2595 sis
583 2536 735 2613 optumus:
1023 2547 1053 2608 85

63 2637 94 2695 Si
115 2636 145 2694 id
165 2635 302 2712 nequeas,
317 2635 419 2694 saltem
440 2644 471 2692 ut
492 2634 619 2711 optumis
640 2636 679 2693 sis
701 2635 868 2711 proxumus,

62 2734 151 2793 Nunc
166 2732 368 2791 condicionem
382 2733 466 2802 hanc,
482 2750 570 2807 quam
585 2732 642 2808 ego
657 2732 718 2790 iero
733 2741 761 2790 et
771 2749 859 2808 quam
873 2732 925 2790 abs
937 2729 964 2789 te
975 2741 1053 2807 pet0,

61 2831 141 2890 Dare
163 2828 248 2905 itque
269 2831 408 2906 accipere,
423 2828 594 2899 Lesbonice,
610 2826 637 2885 te
658 2828 734 2888 volo,

10 2895 44 2960 '¹
60 2929 102 2988 Di
124 2927 226 2986 divites
247 2936 322 2995 sunt,
337 2926 408 2985 deos
429 2926 534 2985 decent
555 2925 720 3001 opulentiae
995 2931 1053 2985 490

59 3027 100 3087 Et
121 3026 280 3084 fictiones:
302 3023 401 3084 verum
422 3042 478 3083 nos
499 3023 668 3083 homunculi
1022 3049 1054 3098 90

60 3123 222 3186 Scintillula
242 3123 363 3194 animae,
378 3122 467 3198 quim
488 3140 579 3198 quom
600 3125 747 3202 extemplo
768 3128 926 3199 emisimus,

44 3206 167 3300 ¹Aequo
188 3220 340 3278 mendicus
361 3219 447 3295 atque
468 3219 514 3278 ille
536 3220 782 3296 opulentissumus

49 3319 204 3387 ‘Censetur
225 3335 315 3377 censu
336 3318 373 3377 ad
393 3304 590 3377 Acheruntem
611 3319 748 3380 mortuos.

40 3423 117 3521 :8OE
139 3414 247 3475 Mirum
269 3415 339 3495 quin
359 3426 390 3475 tu
410 3415 459 3477 illo
479 3415 574 3476 tecum
595 3417 705 3479 divitias
725 3420 818 3483 ieras:
994 3427 1052 3483 495
