2452 3810
116 256 280 322 1v.2.5-2a.
485 243 743 300 TRJNVMMVS.
1060 249 1105 318 37

115 409 213 468 Viden
232 417 348 485 egestas
368 407 439 484 quid
460 409 559 484 negoti
580 407 629 466 dat
648 406 761 465 homini
782 404 887 464 misero
908 405 998 464 mali?
1089 429 1103 475 5

116 506 197 578 Quin
223 523 280 583 ego
308 524 387 565 nunc
415 505 535 582 subigor
562 507 648 564 trium
675 523 828 570 nummum
854 501 942 563 caiisa
965 513 997 562 ut
1017 504 1105 563 hasce

277 604 412 680 epistulas
610 603 613 610 ⁴

116 702 221 761 DIcam
242 703 279 760 ab
299 720 335 760 eo
354 701 472 760 homine
491 718 539 759 me
558 701 713 778 accepisse,
728 719 816 778 quem
831 699 887 776 ego
902 699 950 776 qui
965 699 1000 758 sit
1014 699 1105 757 homo

276 799 387 871 nescio,

116 895 220 973 Neque
240 899 308 956 novi
328 916 425 975 neque
445 896 530 956 natus
551 915 644 956 necne
664 895 749 956 fierit
768 897 798 956 id
819 895 911 956 solide
933 894 1003 955 scio.
1045 897 1104 952 850

117 1003 183 1054 011.
204 992 324 1074 (Aside.)
352 996 405 1054 Ρό]
426 995 473 1054 hic
495 995 613 1072 quidem
633 995 755 1071 fungino
776 1004 929 1072 generest:
959 991 1053 1068 capite
1074 1009 1105 1049 se

277 1092 372 1152 totum
391 1094 474 1169 tegit.

115 1174 231 1249 Illurica
252 1190 339 1250 facies
359 1191 469 1249 videtur
489 1189 634 1250 hominis:
657 1210 693 1250 eo
713 1200 816 1250 ornatu
837 1189 964 1250 advenit.
1075 1209 1105 1244 10

115 1294 176 1347 ΒΥ.
197 1272 250 1346 ille
271 1291 321 1365 qui
342 1308 389 1347 me
411 1287 558 1360 conduxit,
576 1290 626 1347 ubi
646 1288 787 1348 condtixit
808 1289 927 1348 abduxit
948 1288 1086 1346 domum:

117 1384 201 1456 Quae
221 1386 310 1443 voluit
330 1387 400 1444 mihi
421 1386 500 1457 dixit,
516 1386 614 1445 docuit
636 1386 665 1444 et
685 1387 925 1463 praemonstravit
945 1386 1033 1462 prius,

117 1482 297 1555 Quomodo
322 1485 446 1562 quicque
468 1484 593 1560 agerem.
616 1502 694 1542 nunc
722 1484 796 1543 adeo
825 1483 921 1559 siquid
945 1501 1001 1559 ego
1023 1482 1104 1540 addi·

277 1581 347 1640 dero
368 1581 499 1658 amplius,
1046 1585 1103 1638 855

116 1678 161 1738 Εό
183 1680 342 1739 conductor
362 1681 465 1739 melius
486 1682 522 1739 de
544 1699 591 1740 me
612 1679 706 1756 nugas
727 1678 929 1741 conciliaverit.
1141 1755 1147 1768 ·

116 1761 156 1836 Ut
169 1777 217 1836 ille
230 1797 278 1837 me
292 1777 448 1849 exornavit,
460 1780 498 1836 ita
513 1797 577 1838 sum
592 1778 726 1838 ornatus:
741 1788 892 1855 argentum
905 1776 963 1836 hoc
976 1776 1051 1836 facit.
1075 1800 1103 1849 15

115 1859 185 1950 Ipse
205 1887 376 1935 ornamenta
396 1876 414 1936 a
434 1877 563 1953 chorago
583 1877 655 1936 haec
677 1875 799 1952 siimpsit
820 1894 874 1956 suo
895 1876 1042 1952 persculo:

115 1971 204 2033 Neine
225 1991 281 2049 ego
302 1975 326 2032 si
347 1983 450 2050 potero
472 1975 647 2033 ornamentis
668 1973 818 2032 hominem
840 1971 1063 2044 circumducere,

114 2069 201 2129 Dabo
222 2090 343 2148 operam
363 2082 395 2131 ut
413 2090 462 2130 me
482 2071 578 2149 ipsum
599 2072 684 2148 plane
710 2090 774 2130 esse
796 2071 1009 2147 sycophantam
1037 2069 1103 2128 sen-

276 2170 335 2228 tiat.
1044 2169 1103 2226 860

116 2272 180 2323 ΟΕ
211 2263 334 2346 (Aside.)
362 2267 460 2339 Quam
489 2270 583 2344 magis
615 2277 724 2344 specto,
748 2267 847 2325 minus
875 2266 970 2342 placet
1000 2266 1040 2322 mi
1069 2285 1105 2324 ea

276 2365 403 2426 hominis
423 2367 527 2427 facies:
550 2368 622 2424 mira
643 2377 710 2425 sunt

116 2463 156 2521 Ni
176 2462 232 2521 illie
252 2464 370 2524 homost
390 2477 439 2525 aut
459 2466 627 2525 dormitator
647 2464 696 2525 adt
718 2474 813 2525 sector
834 2464 975 2522 zonarius.
1073 2489 1103 2523 ιο

115 2561 196 2620 L6ca
216 2564 400 2640 contemplat,
415 2565 636 2640 circumspectat
656 2564 721 2622 sese
741 2574 826 2639 atque
847 2563 927 2620 aedis
949 2561 1088 2619 noscitat:

115 2659 211 2718 Credo
232 2661 338 2737 edepol
359 2681 418 2739 quo
439 2663 508 2720 mox
529 2663 654 2721 furatum
675 2661 770 2720 veniat
791 2658 954 2737 speculatdr
973 2660 1045 2718 loca

115 2757 213 2834 Magis
226 2760 353 2818 lubidost
367 2761 520 2820 observare
531 2761 602 2838 quid
616 2770 700 2837 agat:
715 2761 741 2817 ei
755 2760 795 2817 rei
810 2757 930 2835 operam
940 2758 1025 2816 dabo.
1045 2762 1102 2816 865

115 2864 176 2915 sY.
198 2857 263 2917 Has
283 2861 417 2935 regiones
438 2858 645 2918 demonstravit
663 2858 736 2916 mihi
755 2858 803 2916 ille
824 2856 986 2915 conductor
1005 2875 1102 2915 meus:

115 2941 203 3030 Apud
223 2958 285 3016 ilias
305 2959 388 3017 aedis
409 2958 553 3017 sistendae
574 2956 645 3014 mihi
666 2967 733 3014 sunt
754 2955 970 3031 sycophantiae.
1073 2978 1103 3027 25

114 3053 196 3112 Foris
216 3057 345 3131 pultabo.
387 3063 453 3114 GH.
475 3054 593 3133 (Anile.)
616 3054 664 3113 Ad
684 3055 798 3113 nostras
817 3054 897 3113 aedis
918 3053 966 3114 hic
986 3053 1105 3130 quidem

275 3154 364 3213 habet
384 3154 492 3213 rectam
514 3156 606 3212 viam:

116 3251 223 3311 Hercle
239 3253 343 3328 opinor
355 3254 395 3310 mi
411 3251 574 3310 advenienti
587 3253 642 3311 hac
657 3253 746 3312 noctu
761 3251 957 3326 agitandumst
971 3248 1090 3324 vigilias.

114 3356 176 3410 ΒΥ.
197 3333 359 3430 (Knocking
371 3358 403 3408 ot
414 3351 458 3408 ibe
473 3351 538 3407 door
553 3351 591 3427 of
600 3348 771 3408 Charmades’
787 3347 888 3425 house.)
910 3335 1027 3423 Aperite
1039 3346 1104 3416 hoc,

277 3450 394 3526 aperite.
412 3449 492 3521 heus,
505 3449 605 3525 ecquis
613 3447 658 3506 his
668 3447 776 3506 foribus
786 3444 903 3505 tutelam
914 3444 1007 3521 gerit?
1045 3448 1104 3503 870
