2400 3794
49 254 214 333 '11.4.3-31.
331 240 333 247 '
437 256 696 317 TRINVMMVS.
1013 268 1050 331 19

60 420 152 480 Estne
172 421 230 479 hoe
251 419 331 497 quod
352 419 426 491 dico,
443 419 586 480 Stisimei
627 427 682 478 SE.
704 420 804 493 Quom
825 419 987 492 considero,

61 517 233 577 Meminisse
255 518 355 576 videor
375 517 444 575 fieri.
486 525 549 576 LE.
571 517 651 590 Quid
671 517 805 576 factumst
825 520 881 576 eo?
991 523 1049 576 405

61 623 118 674 SE.
139 614 291 686 Exessum,
306 624 455 692 expotum‚
471 613 636 687 extinctum,
651 616 758 673 elutum
779 614 809 672 in
829 613 966 673 bilineis:
1035 639 1048 687 5

61 711 199 782 Piseiton
214 715 304 788 pistor
325 711 448 783 obstulit,
463 713 540 783 lanii,
555 712 649 790 coqui,

62 809 219 881 HolitoreS,
234 810 413 886 myropolae‚
429 808 573 887 aucupes:
602 810 692 870 confit
713 810 786 870 cito:

62 904 133 964 Non
153 906 248 966 hercle
269 907 366 966 minus
387 906 500 966 divorse
521 905 684 966 distrahitur
705 908 771 978 cit0‚

61 1004 158 1075 Quam
180 1006 206 1062 si
224 1005 351 1064 formicis
372 1015 403 1064 tu
423 1005 531 1064 obicias
552 1005 732 1082 papiverem.
954 1036 956 1040 .
990 1010 1047 1063 410

60 1107 122 1158 LE.
145 1101 246 1161 Minus
266 1102 361 1162 hercle
382 1103 412 1160 in
432 1102 494 1161 istis
515 1101 601 1161 rebus
622 1110 796 1179 sumptumst
813 1100 864 1161 sex
885 1101 979 1160 minis.
1019 1126 1048 1159 10

59 1205 116 1257 SE.
139 1198 218 1271 Quid
232 1200 312 1276 quod
326 1217 382 1275 ego
396 1199 523 1260 irudavi?
563 1206 626 1260 LE.
649 1199 738 1271 Hem,
753 1201 842 1259 istaec
856 1200 929 1259 ratio
947 1197 1047 1257 mixu-

221 1306 304 1356 mast.

59 1402 115 1453 SE.
137 1394 207 1453 Non
229 1395 279 1452 tibi
299 1394 369 1454 illud
389 1394 536 1472 adparere,
552 1397 575 1454 si
596 1395 702 1467 sumis,
716 1405 820 1473 potest,

58 1491 123 1551 Nisi
143 1504 174 1552 tu
195 1492 347 1552 inmortale
367 1492 429 1554 rere
449 1511 513 1552 esse
534 1493 684 1569 argentum
704 1494 763 1551 tibi.
987 1496 1045 1549 415

58 1597 125 1648 PH.
153 1586 276 1670 (Aside.)
299 1589 371 1648 Sero
385 1589 471 1667 fitque
486 1591 578 1661 stulte,
593 1593 671 1667 prius
687 1589 765 1669 quod
780 1599 896 1650 cautum
910 1589 1044 1666 oportuit,

57 1687 216 1764 Postquim
238 1689 365 1747 comedit
385 1688 454 1759 rem,
469 1699 538 1765 post
557 1689 699 1748 rationem
719 1697 810 1766 putat.
1016 1709 1044 1758 15

56 1790 120 1843 LE.
141 1784 335 1862 Nequiquam
356 1787 467 1862 argenti
488 1786 559 1845 titio
581 1787 719 1863 conparet
740 1797 846 1845 tamen.

10 1904 12 1951 2
57 1889 112 1941 SE.
136 1883 221 1942 Ratio
242 1885 359 1959 quidem
380 1885 475 1944 hercle
497 1885 632 1961 adptret:
661 1897 813 1963 argentum
833 1885 936 1958 οἴχεται.

58 1980 157 2039 Minis
178 1982 366 2057 quadraginta
387 1981 523 2060 occepisti
543 2001 561 2041 a
582 1984 698 2044 Cttliele
986 1985 1043 2040 420

57 2077 96 2135 Et
117 2078 163 2137 ille
184 2078 262 2138 aedis
283 2081 440 2155 mancupio
462 2078 515 2139 itbs
536 2089 564 2138 te
585 2083 703 2158 accepit.
744 2089 807 2140 LE.
829 2067 1007 2138 Admodum.

58 2182 126 2235 PH.
156 2174 274 2252 (Aside.)
303 2176 356 2235 Pol
376 2179 466 2253 optno
488 2178 590 2237 adfinis
600 2180 709 2239 'noster
730 2178 808 2244 aedis
829 2175 963 2235 vendidit.
1015 2198 1045 2233 20

57 2273 142 2331 Pater
163 2292 253 2349 quom
274 2292 395 2351 peregre
416 2274 517 2348 veniet,
533 2277 563 2333 in
583 2275 693 2352 portist
713 2277 810 2336 locus:

17 2421 19 2443 2
57 2371 120 2429 Nisi
140 2371 213 2430 forte
234 2373 265 2430 in
285 2381 416 2431 ventrem
437 2372 497 2432 fssio
519 2373 701 2449 conrepserit.

55 2476 112 2527 SE.
135 2469 309 2547 Trapezitae
329 2471 406 2528 mille
428 2470 650 2530 drichumarum
671 2471 833 2550 Olympico,
986 2474 1044 2528 425

57 2567 140 2638 Quas
162 2567 198 2625 de
219 2571 330 2627 ratione
351 2568 482 2640 debuisti,
504 2569 641 2630 redditae.

55 2670 118 2722 LE.
140 2664 255 2741 Nempe
276 2665 348 2742 quis
368 2667 534 2743 spopondi?
575 2675 631 2726 SE.
656 2668 753 2728 Imm6
775 2673 865 2745 ‘quas
886 2666 1042 2744 despondi’

52 2765 55 2769 ’
217 2764 330 2839 inquito
1015 2787 1043 2836 25

57 2857 113 2917 Pro
135 2858 183 2916 illo
205 2857 396 2931 idulescente,
412 2861 499 2938 quem
520 2872 551 2920 tu
572 2879 636 2920 esse
657 2863 736 2921 aibas
757 2863 880 2921 divitem.

55 2962 118 3014 LE.
140 2955 269 3015 Factum.
311 2964 366 3016 SE.
388 2938 428 3017 Vt
448 2960 566 3036 quidem
587 2959 656 3017 illud
676 2960 798 3036 perierit.
838 2966 901 3017 LE.
923 2958 1043 3019 Factum

27 3134 29 3138 .
217 3055 246 3112 id
267 3067 429 3132 quoquest:

10 3148 31 3194 ⁸
55 3152 134 3210 Nam
153 3150 231 3210 nunc
253 3170 319 3210 eum
338 3154 394 3212 vidi
414 3154 551 3214 miserum
572 3166 600 3215 et
619 3175 666 3216 me
685 3158 746 3216 eius
764 3160 957 3219 miseritumst.
985 3165 1042 3218 430

53 3257 110 3309 SE.
133 3248 253 3307 Miseret
273 3259 301 3308 te
323 3251 443 3310 aliorum
465 3254 507 3310 tui
523 3271 576 3312 nec
597 3255 712 3312 miseret
732 3254 787 3315 nee
808 3258 904 3332 pudet.
974 3306 976 3310 .
1012 3281 1042 3328 30

10 3352 121 3418 [ΠΗ.
144 3344 287 3421 Tempust
304 3346 436 3406 adeundi.
466 3347 760 3428 (Comzizgfhrward.)
802 3359 864 3414 LE.
886 3337 977 3413 Estne
995 3355 1041 3413 hio

215 3444 310 3503 Philto
332 3445 381 3523 qui
402 3444 535 3506 idvemt?

528 3563 578 3609 C2
