2400 3794
92 223 140 275 IV.
153 225 176 273 2.
188 222 275 289 49-67.
405 264 406 267 ,
461 212 489 266 Τ
488 212 665 268 RINVMM
667 213 722 270 VS.
858 246 860 250 .
1043 226 1083 290 39

93 380 153 434 ΒΥ.
176 375 261 434 Poter
282 375 362 434 istius
383 372 575 437 odolescentia
595 376 674 435 dedit
693 375 746 436 has
768 378 840 436 duas
861 378 901 435 mi
922 378 1067 454 epistulas,

94 471 268 532 Losbonici:
302 474 327 532 is
355 474 424 532 mist
455 476 572 535 amicus.
616 480 681 532 ΘΗ.
715 471 837 552 (Asz'de.)
869 475 974 536 Toneo
1006 479 1083 536 hunc

254 572 511 633 manufestorium:
683 608 686 615 ·
1023 580 1082 633 895

94 668 146 728 Mo
166 671 222 728 sibi
243 668 378 746 epistulas
400 671 515 729 dedisse
536 671 613 731 dicit.
634 670 733 730 ludam
754 670 906 730 hominom
927 675 1028 748 probe.
1051 696 1081 745 51

92 774 153 826 ΒΥ.
176 752 222 826 lta
238 779 270 826 ut
288 768 397 844 occepi,
415 769 439 826 si
456 768 585 826 inimum
603 769 743 842 advortas,
762 769 866 828 dicam.
909 777 974 827 (ΒΗ.
996 771 1083 830 Dabo

254 865 373 942 operom
395 867 454 925 tibi.

92 971 154 1022 ΒΥ.
177 963 266 1022 Hanc
286 983 334 1022 me
355 965 436 1022 iussit
456 963 622 1023 Lesbonico
645 963 712 1023 dire
733 983 786 1023 suo
807 974 897 1041 gnato
919 965 1069 1042 epistulam

92 1045 132 1119 Et
152 1063 221 1120 item
242 1061 319 1120 hanc
340 1061 460 1120 alterim
481 1081 534 1121 suo
555 1064 651 1121 amico
673 1061 782 1121 Callicli
804 1063 884 1121 iussit
905 1064 981 1124 dare.
1052 1092 1084 1138 54

93 1166 160 1217 011.
180 1155 302 1240 (Asida)
323 1159 397 1217 Mihi
414 1178 532 1236 quoque
553 1160 666 1236 edepol,
682 1178 771 1238 quom
793 1161 841 1220 hic
861 1172 993 1239 nugatur,
1012 1164 1083 1222 con-

254 1269 297 1318 tra
318 1260 422 1333 nugari
441 1258 528 1317 lubet.
1024 1267 1082 1321 900

92 1351 222 1436 (Aloud)
251 1335 310 1413 <lbi
330 1357 393 1431 ipse
414 1357 494 1414 erat?
536 1363 598 1416 ΒΥ.
628 1357 709 1416 Bene
729 1357 793 1417 rom
813 1358 940 1434 gerebat.
976 1368 1043 1419 GH.

254 1437 334 1530 Ergo
355 1455 424 1512 ubi?
465 1461 525 1512 ΒΥ.
548 1455 584 1512 In
607 1452 745 1513 Seleucia.

94 1557 159 1610 011.
181 1538 229 1609 Ab
250 1552 353 1628 ipsone
374 1552 442 1609 istas
463 1551 621 1627 occepisti?
663 1559 724 1610 sY.
744 1551 771 1608 Ε
792 1552 925 1611 monibus
944 1554 1022 1613 dedit
1042 1556 1083 1613 mi

254 1651 368 1739 ipsein
389 1667 501 1708 manus

94 1755 160 1807 011.
182 1748 370 1831 QuQeacist
390 1749 499 1809 homo?
541 1755 602 1806 ΒΥ.
625 1747 802 1826 Sesquipede
823 1751 969 1827 quidamst
996 1770 1083 1828 quam

254 1857 285 1906 tu
305 1848 427 1924 longior.
706 1864 716 1896 v

94 1952 158 2005 ΘΗ.
183 1941 306 2028 (Aside.)
330 1946 441 2005 Haoret
461 1946 533 2005 haec
554 1965 608 2017 res,
627 1947 652 2004 si
672 1947 792 2024 quidem
813 1964 870 2023 ego
891 1948 997 2005 absens
1018 1944 1083 2005 som

253 2064 342 2123 quam
363 2062 499 2120 praesens
520 2044 640 2120 longior.
1051 2069 1082 2116 59

92 2139 222 2224 (Aloud.)
236 2144 386 2203 Novistine
400 2141 571 2202 hominom?
613 2150 674 2201 ΒΥ.
689 2143 821 2202 Ridicule
835 2143 950 2219 rogitas,
965 2146 1083 2219 quicum

253 2241 311 2299 uno
332 2242 430 2299 cibum
1025 2247 1082 2299 905

93 2336 206 2414 copere
221 2339 310 2398 sole0.
347 2346 412 2396 ΘΗ.
435 2338 517 2410 Quid
531 2348 574 2396 est
587 2338 613 2396 ei
627 2341 756 2396 nornen?
791 2346 852 2397 ΒΥ.
875 2339 964 2410 Quod
979 2340 1083 2414 edepol

253 2437 367 2495 homini
386 2439 488 2512 probo.

93 2541 158 2592 GH.
180 2531 275 2592 Lobet
300 2534 406 2592 audire.
428 2540 489 2592 ΒΥ.
511 2533 556 2591 Illi
580 2533 1009 2615 odepol-illi-llli-(Asziz’e.)
1031 2554 1083 2593 vae

254 2631 359 2689 misero
374 2631 454 2689 mihi.

92 2736 157 2787 GH.
170 2728 251 2801 Quid
266 2738 309 2785 est
325 2730 443 2804 negoti?
458 2736 519 2787 ΒΥ.
531 2729 674 2789 Dovoravi
689 2732 798 2789 nomen
812 2730 970 2808 inprudons
982 2732 1083 2790 'modo

92 2835 159 2887 GH.
176 2827 246 2885 Non
259 2828 354 2904 placet
368 2829 416 2904 qui
431 2830 542 2886 amicos
556 2829 631 2886 intra
645 2828 738 2887 dontis
754 2830 907 2889 conclusos
921 2831 1017 2889 habet.
1052 2842 1084 2900 64

91 2933 152 2985 ar.
167 2913 258 3003 Atqui
286 2927 372 2985 etiam
400 2927 490 2985 modo
515 2927 681 2985 vorsabatur
709 2928 781 2985 mihi
809 2928 839 2985 in
863 2929 948 2986 labris
976 2930 1084 3009 perma-

252 3027 338 3083 ribus.
1024 3032 1082 3084 910

92 3125 158 3182 GH.
185 3121 303 3202 (Aside.)
328 3121 466 3200 Tomperi
493 3123 560 3182 huic
587 3122 674 3182 hodie
702 3124 843 3183 anteveni.
878 3131 939 3182 ΒΥ.
961 3122 1081 3202 (Aside.)

252 3221 371 3280 Toneor
385 3222 546 3280 manufesto
562 3223 657 3280 miser.

91 3325 158 3377 ΟΕ.
179 3317 243 3377 Iom
268 3320 511 3379 reconmentotu’s
535 3322 663 3379 nomen?
692 3328 752 3378 ΒΥ.
776 3318 894 3398 (Aszde.)
914 3316 1011 3378 Derim
1035 3337 1082 3377 me

160 3476 179 3499 .-
252 3417 347 3477 hercle
362 3428 449 3496 atque
463 3416 613 3477 homimim
627 3417 723 3495 pudet.
