2452 3810
69 277 115 328 IV.
128 279 151 327 0.
163 276 252 340 42-61.
441 263 468 317 T
465 263 545 317 RIN
546 264 644 317 VMM
646 264 701 319 VS.
1020 269 1060 337 47

69 428 132 500 Qui
149 427 190 486 nil
209 427 318 487 meriti:
341 427 451 504 quippe
471 445 573 486 eorum
592 446 628 485 ex
648 425 767 503 ingenio
788 427 940 504 ingenium
959 425 1063 486 horum

231 527 365 602 probant.
986 530 1062 584 1049

70 622 173 700 Siquoi
194 623 329 682 mutuom
350 624 421 699 quid
442 623 565 694 dederis,
580 624 612 681 fit
632 643 686 701 pro
708 624 827 703 proprio
849 622 1009 700 perditum:

70 721 172 792 Quom
191 730 313 797 repetas
327 721 478 779 inimicum
499 723 625 780 amicum
644 723 773 781 invenias
795 722 935 780 beneficio
955 733 1012 781 tuo.
1031 744 1061 794 45

70 814 119 897 [st
139 837 224 894 mage
245 820 360 895 exigere
382 819 518 895 occipias,
535 819 656 878 duarum
678 819 773 877 rerum
794 820 921 877 exoritur
942 820 1041 896 optio:

70 915 128 973 Vel
143 917 212 974 illud
226 915 306 991 quod
321 915 475 974 credideris
488 916 594 992 perdas
608 916 651 974 vel
666 916 745 974 illum
760 916 886 974 amicum
901 912 1054 995 amiseris]

71 1011 141 1071 Hoc
160 1014 210 1089 qui
229 1014 259 1070 in
278 1021 408 1071 mentem
421 1012 530 1073 venerit
548 1015 607 1073 mi?
634 1031 666 1072 re
685 1015 749 1090 ipsa
768 1013 858 1071 modo
878 1015 1063 1072 conmonitus

233 1128 305 1168 sum.

72 1215 138 1267 cH„
169 1204 289 1287 (Aside.)
312 1207 397 1268 Meus
422 1219 465 1267 est
488 1209 537 1268 hic
559 1209 675 1285 quidem
699 1207 839 1268 Stasimus
860 1227 965 1270 servos.
1006 1218 1061 1268 ΒΤ.

232 1304 310 1363 Nam
334 1306 391 1381 ego
412 1306 552 1364 talentum
571 1305 703 1365 mutuom
986 1313 1062 1366 1055

71 1405 152 1479 Quoi
173 1404 319 1475 dederam,
335 1404 442 1462 talento
464 1404 613 1462 inimicum
634 1406 674 1462 mi
696 1405 762 1475 emi,
777 1406 904 1463 amicum
924 1405 1048 1463 vendidi.

70 1501 129 1559 Sed
151 1520 207 1577 ego
230 1520 295 1559 sum
317 1502 497 1577 insipientior
518 1502 567 1577 qui
587 1501 673 1560 rebus
695 1520 792 1560 curem
814 1502 936 1579 publicis
994 1484 998 1491 ⁴
1031 1527 1063 1574 50

69 1596 169 1656 Potius
180 1617 278 1674 quam,
290 1598 320 1655 id
331 1598 411 1674 quod
425 1598 635 1672 proxumumst‚
644 1616 712 1656 meo
723 1597 806 1673 tergo
818 1599 935 1657 tutelttm
945 1618 1061 1674 geram:

69 1679 116 1754 Eo
138 1695 267 1755 domum.
313 1702 379 1754 OE
403 1695 487 1753 Heus
508 1705 548 1766 tu,
570 1706 631 1752 asta
651 1696 737 1753 ssico:
759 1696 835 1769 audi,
853 1694 925 1754 heris
945 1706 984 1754 tu.
1007 1704 1062 1755 ΒΤ.

234 1794 305 1852 Non
326 1805 380 1852 sto.
424 1801 489 1851 CH.
512 1792 559 1850 Τό
579 1794 654 1852 νο1ο.

71 1899 128 1950 8¹1¹.
158 1890 246 1963 Quid,
272 1893 296 1949 si
326 1901 444 1967 egomet
474 1901 503 1950 te
531 1890 604 1949 velle
635 1891 723 1950 nolo?
767 1901 832 1951 GH.
861 1894 911 1952 Ah
932 1894 1062 1965 nimium,

232 1989 365 2060 Stasime‚
384 1989 510 2047 saeviter.
986 1998 1062 2052 1060

70 2093 126 2144 ΒΤ.
147 2070 254 2145 Emere
274 2087 390 2145 meliust
407 2088 475 2162 quoi
493 2088 626 2162 imperes.
668 2096 734 2147 GH.
756 2088 809 2147 Pol
827 2109 883 2165 ego
901 2090 958 2148 emi
975 2101 1061 2167 atque

232 2183 383 2259 argentum
404 2184 486 2243 dedi:

69 2282 128 2342 scd
145 2283 168 2341 si
185 2300 246 2340 non
264 2283 341 2340 dicto
359 2280 480 2340 addiens
497 2275 548 2352 est,
566 2282 637 2358 quid
657 2285 735 2360 ago?
778 2293 833 2344 ΒΤ.
862 2287 908 2344 Da
922 2285 1062 2362 magnum

232 2380 350 2438 malum.
1031 2410 1060 2457 55

70 2486 137 2538 GE.
159 2478 239 2536 Bone
261 2497 382 2536 mones:
407 2479 445 2537 ita
466 2478 561 2537 ficere
584 2489 729 2539 certumst.
772 2489 827 2541 ΒΤ.
856 2481 922 2541 Nisi
944 2484 1061 2558 quidem

232 2594 264 2634 es
284 2576 436 2634 obnoxius

69 2681 136 2733 cH.
160 2674 192 2732 Si
206 2677 322 2747 bonust,
339 2676 484 2734 obnoxius
499 2694 579 2735 sum:
603 2677 648 2733 sin
665 2687 769 2747 secust‚
784 2678 889 2736 faciam
903 2680 935 2738 rit
948 2699 1061 2742 mones.

68 2780 124 2832 ST.
156 2771 236 2843 Quid
266 2773 297 2830 id
328 2773 365 2830 ad
393 2792 441 2831 me
470 2773 571 2832 attinet
598 2775 721 2834 bonisne
749 2774 836 2833 servis
864 2789 895 2834 tu
922 2789 1002 2837 utare
1023 2781 1060 2838 an

231 2870 334 2928 malis?
984 2884 1059 2936 1065

69 2976 136 3028 ΘΗ.
159 2968 237 3039 Quia
257 2968 328 3026 boni
349 2967 475 3044 malique
495 2969 525 3027 in
547 2989 581 3029 ea
601 2990 632 3029 re
652 2971 719 3047 pirs
740 2972 825 3030 tibist.
867 2980 922 3033 ΒΤ.
945 2974 1060 3034 Partem

231 3067 348 3125 alteram

69 3164 138 3223 Tibi
159 3167 304 3241 permitt0,
325 3165 404 3223 illam
432 3165 548 3226 alteram
571 3165 650 3243 apud
677 3186 725 3226 me
746 3169 827 3244 quod
851 3171 947 3229 bonist
968 3171 1059 3246 adpo-

231 3264 301 3322 nito.
1027 3280 1059 3328 60

69 3368 135 3421 011.
169 3360 202 3421 st
230 3363 284 3421 eris
312 3363 438 3436 meritus,
460 3364 518 3424 fiet.
539 3365 648 3442 respice
677 3364 734 3426 hric
764 3367 801 3425 ad
830 3385 894 3426 me:
917 3386 973 3445 ego
995 3387 1059 3428 sum

232 3458 410 3524 Charmidea.
