2400 3794
65 233 103 284 11.
115 233 139 282 2.
152 230 240 297 39-61.
437 217 464 273 T
461 217 539 271 RIN
541 216 638 271 VMM
640 215 695 274 VS.
831 245 834 253 v
1021 218 1060 287 15

66 367 99 443 ss
120 383 250 460 probust,
265 398 353 457 quem
373 377 607 456 paenitetquam
625 379 735 456 prbbus
755 379 791 452 sit
810 388 839 439 et
859 377 936 454 frugi
955 377 1058 436 bonae.

68 480 130 553 Qui
144 481 224 556 ipsus
239 479 294 537 sibi
308 479 376 537 satis
390 477 492 555 placet,
504 495 559 536 nec
572 477 681 554 prbbus
695 487 739 536 est
752 495 807 536 nec
817 476 892 552 frugi
906 464 1012 536 bonae:
1027 498 1059 548 40

68 577 130 649 Qui
151 579 231 653 ipsus
253 595 285 636 se
305 575 473 649 contemnit,
487 575 517 634 in
538 585 602 634 eost
622 574 735 634 indoles
756 572 919 635 industriae.

64 681 135 735 LY.
156 660 206 733 Ob
225 691 290 733 earn
304 691 365 732 rem
379 674 461 744 haec,
475 683 564 750 pater,
579 671 733 745 autumavi,
747 673 816 751 quia
829 690 875 733 res
890 670 1060 749 quaedamst

231 772 320 851 quam
333 773 400 832 volo

66 857 136 949 Ego
150 890 198 930 me
217 872 268 930 abs
283 881 311 930 te
331 870 459 930 exorare.
481 877 550 929 PH.
573 869 652 942 Quid
667 869 772 928 idest?
794 866 861 929 dare
875 867 933 928 iam
946 868 1059 928 veniam

230 967 332 1045 gestia
1001 970 1058 1025 325

65 1075 136 1128 LY.
157 1053 345 1126 Adulescenti
364 1065 433 1125 hinc
454 1064 560 1142 genere
582 1083 707 1137 summo,
722 1065 817 1125 amico
839 1073 926 1142 atque
947 1064 1061 1143 aequali

230 1183 307 1235 meo,
1027 1186 1057 1235 45

68 1263 172 1323 Minus
193 1264 241 1339 qui
263 1272 347 1322 caute
367 1272 396 1321 et
416 1261 541 1338 cbgitate
562 1258 644 1320 suam
664 1279 727 1320 rem
747 1263 884 1332 tractavit,
899 1272 988 1339 pater,

68 1360 152 1420 Bene
166 1360 232 1419 volo
248 1359 287 1417 illi
301 1358 397 1418 facere
411 1376 478 1435 eg0,
494 1359 549 1415 nisi
563 1356 593 1415 tri
608 1359 696 1416 nevis.
718 1364 785 1416 ΡΗ.
800 1358 915 1434 Nempe
931 1359 966 1418 de
980 1362 1049 1418 tuo?

10 1492 15 1529 ;
68 1465 138 1519 LY.
159 1457 206 1518 De
234 1475 320 1516 meo:
353 1475 423 1515 nam
451 1457 531 1534 quad
558 1465 668 1515 tuomst
694 1452 827 1528 meumst,
849 1474 937 1515 omne
964 1467 1060 1516 autem
1144 1510 1147 1515 .

231 1555 331 1614 meum
352 1564 471 1613 tuomst.

10 1687 21 1731 t
66 1661 136 1714 PH.
151 1653 233 1727 Quid
246 1655 289 1712 is?
312 1656 436 1730 egetne?
457 1659 524 1712 ΗΥ.
541 1651 625 1730 Eget.
646 1660 714 1712 ΡΗ.
729 1652 878 1712 Habuitne
892 1654 973 1713 rem?
992 1659 1060 1712 ΒΥ.

10 1738 16 1747 ’
230 1752 349 1812 thuit.
373 1760 441 1811 nn.
457 1752 517 1825 Qui
531 1771 596 1812 eam
609 1752 751 1829 perdidit?
1001 1757 1058 1811 330

10 1885 30 1935 ἱ
68 1848 233 1910 Publicisne
253 1849 359 1907 adfinis
381 1849 434 1908 fuit
455 1869 493 1909 an
513 1850 674 1909 maritumis
695 1850 838 1927 negbtiis?
1027 1873 1060 1923 50

10 1989 25 2026 :
68 1945 262 2005 Mercaturan’
277 1945 316 2004 an
330 1946 438 2005 venalis
458 1945 565 2018 habuit,
581 1948 630 2006 ubi
651 1966 712 2006 rem
734 1946 877 2023 perdidit?

19 2068 44 2128 ς·
67 2049 136 2104 LY.
160 2041 240 2099 Nihil
261 2043 392 2100 istorum.
415 2050 483 2101 ΡΗ.
506 2043 587 2116 Quid
606 2044 710 2119 igitur?
732 2050 799 2101 ΗΥ.
821 2045 876 2102 Per
896 2043 1061 2104 cbmitatem

10 2123 39 2206 ἶ,
231 2139 345 2215 edep6l‚
361 2148 459 2215 pater:

20 2280 46 2344 q
68 2236 222 2298 Praeterea
243 2237 423 2313 aliquantum
444 2235 533 2295 animi
555 2254 643 2296 causa
663 2237 693 2294 in
714 2235 823 2296 deliciis
845 2237 1021 2314 disperdidit.

37 2366 47 2417 i
68 2342 137 2395 PH.
159 2319 275 2412 Edepol
296 2335 447 2393 hominem
469 2333 666 2411 praedicatum
687 2334 770 2393 firme
792 2345 820 2392 et
840 2335 1021 2407 familiariter,

10 2418 131 2526 &Qut
158 2436 276 2513 quidem
304 2451 449 2511 nusquam
477 2432 529 2509 per
554 2434 687 2492 virtutem
715 2432 777 2492 rem
806 2433 948 2510 confregit
976 2434 1061 2512 atque

230 2542 305 2610 eget.
1030 2559 1059 2607 55

10 2662 52 2720 ὠ
68 2630 240 2689 Νὓτηοτοτ
256 2649 323 2689 eum
340 2630 392 2688 tibi
414 2647 477 2688 esse
498 2630 625 2688 amicum
642 2647 709 2688 cum
729 2627 790 2689 eius
811 2631 891 2689 modi
905 2629 1060 2692 virtutibus.

14 2772 54 2818 π
67 2734 134 2785 LY.
158 2726 237 2799 Quia
256 2728 317 2786 sine
340 2728 421 2787 omni
440 2727 581 2800 militiast
596 2727 716 2788 tolerare
737 2738 895 2804 egestatem
911 2728 972 2788 eius
985 2731 1059 2790 volo.

10 2831 136 2916 ήΡΗ.
158 2822 204 2883 De
229 2824 366 2884 mendico
387 2824 462 2885 male
487 2836 613 2884 meretur
632 2826 685 2903 qui
706 2826 735 2884 ei
759 2826 808 2884 dat
829 2828 908 2902 quod
931 2828 989 2887 edit
1012 2827 1060 2887 arit
1184 2816 1189 2842 '

229 2923 325 2983 bibat:

54 3017 146 3099 gNam
168 3016 197 3079 et
218 3019 288 3078 illud
307 3019 387 3097 quod
408 3019 458 3079 dat
477 3018 570 3096 perdit
591 3027 620 3079 et
640 3020 679 3078 illi
699 3019 796 3097 pr6dit
809 3022 896 3081 vitam
917 3023 955 3082 ad
974 3025 1060 3082 mise-

10 3192 33 3209 .
228 3118 309 3176 riam.
1001 3127 1059 3180 340

10 3211 140 3304 ΙίΝόῑι
161 3232 197 3274 eo
222 3215 294 3275 haec
319 3215 394 3288 dico,
408 3217 481 3294 qum
507 3235 581 3295 quae
602 3226 633 3276 tu
653 3217 696 3277 vis
720 3215 777 3295 ego
798 3218 883 3278 velim
905 3228 934 3279 et
956 3219 1058 3279 faciam

10 3353 53 3400 u
229 3314 349 3373 lubens:
1026 3328 1059 3377 60

10 3392 127 3519 §ised
137 3429 195 3491 ego
205 3411 262 3473 hoe
272 3414 389 3473 verbum
400 3411 491 3492 qu6m
502 3413 540 3473 illi
551 3412 689 3493 quoidam
703 3414 778 3486 dico,
788 3366 989 3492 prai'bffitrt
999 3416 1058 3491 tibi,
