2452 3810
115 283 162 335 1v.
173 285 197 336 t.
211 295 283 350 1·19.
487 271 514 325 T
512 272 588 325 RIN
591 271 687 325 VMM
689 271 736 326 VS
736 309 745 328 .

562 622 617 683 SC.
635 627 661 682 3.

356 804 570 860 solitumve.
606 804 866 857 omonimus.

358 958 461 1038 (Enter
475 958 614 1018 Staszinus
628 958 723 1015 rather
736 956 849 1036 drunk.)

118 1108 174 1161 S'l'.
196 1098 327 1171 Stesime,
338 1099 384 1158 iac
403 1110 432 1158 te
450 1098 574 1175 propere
593 1098 726 1168 celerem,
739 1099 835 1175 recipe
850 1091 878 1158 te
897 1099 934 1158 ad
953 1097 1104 1159 dominrim

281 1199 410 1269 domum,

119 1293 167 1355 Ne
188 1297 284 1355 subito
305 1305 398 1353 metus
420 1292 562 1352 exoriatur
584 1291 708 1369 scepuiis
730 1293 844 1353 stultitie
865 1302 919 1352 tua.
1032 1302 1034 1306 ’

120 1380 204 1451 redde
219 1393 349 1468 gradum,
364 1390 541 1468 adproperet:
563 1392 621 1449 iam
635 1391 746 1449 dudum
758 1390 892 1449 iectumst
906 1410 996 1468 quom
1010 1393 1106 1450 abiisti

281 1490 377 1548 domo.
1029 1495 1104 1548 1010

122 1586 200 1647 Ceve
220 1588 259 1646 sis
279 1589 329 1646 tibi
350 1606 388 1646 ne
408 1584 508 1646 bebuii
528 1587 558 1645 in
578 1597 607 1646 te
628 1587 734 1645 cottabi
756 1587 849 1645 crebri
866 1597 991 1662 crepent,

123 1685 153 1743 Si
174 1685 266 1743 eberis
287 1687 324 1743 ab
345 1686 385 1743 eri
407 1684 595 1761 quaestione:
623 1683 661 1742 ne
683 1685 822 1743 destiteris
844 1682 965 1742 crirrere.
1092 1711 1105 1760 5

162 1781 306 1862 (Pausing
319 1785 378 1840 and
387 1783 495 1858 looking
511 1783 599 1840 athis
612 1780 708 1860 hand)
730 1764 808 1840 Ecce
827 1781 975 1840 hominem
990 1792 1026 1854 te,
1043 1782 1106 1843 Ste-

283 1882 364 1952 sime,
378 1880 475 1938 nihili:
491 1879 564 1938 setin
578 1881 608 1937 in
623 1879 816 1954 thermopeiio

122 1978 296 2038 Cendalium
316 1997 349 2037 es
369 1978 483 2048 oblituS,
500 1987 656 2053 postquam
677 1975 894 2051 thermopotasti
915 1974 1079 2052 giitturemi

124 2075 235 2153 Recipe
252 2087 281 2135 te
298 2087 327 2135 et
345 2074 457 2136 recurre
473 2086 569 2151 petere
588 2075 624 2132 η’
638 2075 753 2134 recenti.
788 2080 854 2133 GH.
882 2071 1000 2154 (Anile.)
1022 2076 1108 2147 Huic,

285 2175 414 2252 quisquis
436 2184 488 2244 est,
856 2230 860 2243 ,
1032 2177 1109 2230 1015

125 2270 295 2349 Gtirguiiost
317 2273 464 2344 exercitor,
479 2273 503 2329 is
524 2271 674 2329 hominem
694 2269 841 2330 cursurem
862 2269 954 2330 docet.

125 2378 181 2429 ΒΤ.
203 2369 291 2441 Quid,
306 2371 395 2429 homo
411 2370 497 2441 nihili,
512 2371 573 2428 nen
588 2370 677 2446 pudet
691 2372 738 2428 tei
759 2370 885 2427 tribusne
899 2379 926 2426 te
940 2367 1055 2444 poteriis
1081 2393 1111 2427 10

126 2467 287 2527 Memoriae
304 2487 368 2528 esse
387 2469 528 2528 oblitum?
550 2486 589 2525 an
602 2466 679 2537 vere,
694 2468 762 2542 quia
781 2485 847 2525 curn
861 2466 935 2541 frugi
948 2466 1112 2525 heminibus

126 2550 172 2622 ibi
192 2567 296 2636 bibisti,
312 2567 361 2642 qui
382 2565 420 2624 eb
442 2565 537 2624 alieno
558 2563 640 2622 fecile
663 2563 831 2621 cohiberent
852 2581 1004 2634 manus-

127 2662 289 2722 Chiruchus
331 2664 391 2734 iuit,
422 2662 607 2735 CerconicuS,
639 2661 775 2731 Crinnus,
811 2660 989 2733 CricolabuS,
1019 2662 1114 2722 Cella-

289 2763 352 2834 bus,
1038 2765 1114 2820 1020

127 2844 346 2935 Cellicrcpidae‚
360 2856 576 2934 erdricrepidae,
591 2848 717 2928 ferriteri,
732 2857 935 2933 mastigiae,—

128 2943 207 3015 inter
227 2975 317 3014 eosne
337 2955 471 3014 homines
493 2955 659 3014 condalium
680 2954 708 3013 te
730 2955 862 3032 redipisci
884 2956 1020 3032 postulas,
1086 2979 1114 3027 15

127 3054 261 3125 Quorum
279 3055 372 3114 hercle
393 3073 468 3113 unus
489 3052 628 3130 sr'rrpuerit
648 3051 770 3112 currenti
791 3056 901 3112 cursori
921 3054 1034 3113 solum?

128 3158 195 3212 CH.
223 3151 343 3232 (Aside.)
363 3137 409 3210 ita
420 3171 467 3211 mc
482 3153 511 3210 di
525 3162 630 3222 ament,
641 3151 811 3228 griphicum
825 3151 926 3211 iurem.
961 3159 1015 3212 ΒΤ.
1037 3150 1117 3223 Quid

289 3269 346 3325 ego
368 3250 447 3327 quod
468 3250 551 3326 periit
572 3251 690 3325 petam?

107 3346 195 3407 'Nisi
222 3348 310 3408 etiam
340 3348 469 3408 laberern
497 3348 536 3407 ad
569 3348 707 3407 damnum
741 3346 890 3425 edponam
922 3349 1041 3421 ἐπιθήκην
1073 3348 1117 3405 in-

290 3463 384 3525 super.
1005 3478 1008 3486 s
1039 3449 1116 3504 1025
