2400 3794
142 254 184 320 30
559 240 718 297 PLAVTJ
944 248 993 301 ιιι
1006 249 1133 312 apso.

141 390 216 465 Esse
240 425 399 484 agrumque
423 406 538 479 habere,
560 424 645 483 egere
670 405 748 464 iiiam
772 401 877 474 etitem,
898 413 931 462 ut
955 404 1058 461 merito
1083 421 1133 461 me

302 505 402 563 ederit.

142 599 311 677 Nr'rmquam
331 603 384 660 erit
402 602 504 662 alienis
525 603 621 679 gravis
643 602 693 678 qui
715 601 773 659 suis
797 617 829 658 se
850 597 1009 657 concinnet
1029 597 1132 656 levem.

144 698 223 757 Sicut
245 700 303 757 dixi
323 699 445 760 faciam:
475 701 545 758 noio
565 699 594 758 te
615 699 713 758 iactari
734 695 850 757 diritius.
1072 699 1132 754 685

141 803 207 857 LY.
225 795 346 855 Tenton
365 798 480 856 meliust
499 796 527 855 te
549 798 654 855 sororis
675 793 763 854 carisa
782 804 941 870 egestatem
958 793 1078 869 exsequi
1100 803 1132 850 60

141 880 238 970 Atque
267 913 333 953 eum
361 914 409 953 me
437 913 540 971 agrum
567 892 672 953 habere
700 911 788 969 quam
816 902 852 964 te,
875 890 925 950 tria
952 891 1002 967 qui
1026 889 1133 949 toleres

302 991 437 1051 moenia?

140 1097 203 1148 LE.
225 1088 304 1148 Nelo
323 1108 379 1165 ego
399 1090 469 1148 mihi
483 1099 511 1148 te
526 1089 585 1149 tem
604 1089 769 1167 prospicere
788 1090 840 1166 qui
857 1105 953 1146 meam
972 1085 1131 1162 egestatem

301 1188 387 1257 leves,

143 1282 200 1342 Sed
216 1294 248 1341 ut
264 1272 351 1360 inope
369 1283 485 1344 infernis
501 1303 539 1342 ne
558 1285 630 1344 sim:
659 1283 696 1343 ne
713 1286 755 1342 mi
772 1284 849 1343 hanc
866 1282 974 1341 famam
988 1280 1131 1349 differant,

142 1379 193 1438 Me
213 1398 383 1457 germanam
403 1380 500 1439 meem
521 1399 653 1440 sororem
674 1383 704 1439 in
724 1379 952 1441 concubinatum
973 1379 1033 1449 tibi,
1072 1378 1132 1434 690

143 1479 174 1537 Si
188 1479 249 1537 sine
264 1479 333 1537 dote
347 1479 413 1549 dlm,
429 1478 542 1537 dedisse
559 1479 653 1555 megis
673 1498 761 1556 quam
776 1481 806 1537 in
825 1477 1048 1538 matrimeniurn
1099 1484 1130 1544 65

143 1575 217 1647 Quis
238 1594 286 1634 me
307 1576 456 1651 inprobior
476 1574 656 1650 perhibeatur
677 1575 760 1634 esse?
791 1575 863 1634 haec
884 1572 1063 1650 famigeratio

141 1672 187 1731 Te
208 1674 351 1741 honestet,
366 1690 413 1730 me
435 1672 643 1731 ceniutuientet
664 1675 690 1730 si
712 1675 774 1732 sine
794 1674 863 1732 dote
884 1671 1008 1731 duxeris.

141 1770 211 1827 Tibi
233 1770 268 1826 sit
289 1769 520 1827 emolumentum
540 1769 676 1827 honoris:
708 1770 779 1828 mihi
800 1770 880 1847 quod
901 1768 1047 1827 obiectent
1068 1768 1130 1826 siet.

140 1874 206 1925 Π.
229 1865 330 1938 Quid?
366 1876 395 1924 te
423 1867 590 1925 dictaterem
618 1884 720 1926 censes
747 1867 816 1938 fere,
839 1868 863 1925 si
891 1868 944 1925 abs
971 1876 1000 1924 te
1028 1884 1129 1941 agrum

301 1963 479 2040 acceperim?
1071 1967 1130 2022 695

140 2071 202 2121 LE,
225 2061 329 2139 Neque
359 2064 425 2122 volo
456 2081 551 2140 neque
585 2063 701 2140 pestulo
736 2082 831 2140 neque
866 2062 990 2122 censeo:
1032 2060 1132 2119 verr'nn

302 2171 400 2219 tamen
1102 2182 1133 2232 70

141 2244 171 2318 fs
192 2269 236 2317 est
256 2258 352 2317 honos
371 2259 484 2317 homini
503 2261 610 2335 pudico
631 2259 796 2317 meminisse
816 2257 945 2318 officirim
967 2276 1058 2318 suom.

140 2362 207 2423 LY.
240 2357 307 2414 Scio
337 2358 472 2434 equidem
503 2367 532 2415 te
561 2357 704 2415 animatus
730 2366 762 2414 ut
793 2356 850 2414 sis:
881 2357 975 2426 video,
1008 2355 1130 2426 subolet,

303 2453 405 2513 sentio.

140 2534 177 2608 fd
198 2550 260 2626 agis
280 2560 321 2620 ut,
335 2551 385 2608 ubi
405 2550 583 2609 adfinitatem
604 2551 677 2609 inter
697 2569 752 2609 nos
772 2560 903 2609 nostram
923 2551 1112 2609 adstrinxeris

140 2633 238 2722 Atque
262 2665 329 2705 eum
351 2667 453 2724 agrum
475 2648 587 2706 dederis
612 2666 667 2707 nec
690 2650 846 2724 quiequam
869 2649 916 2706 hic
941 2650 993 2706 tibi
1021 2649 1057 2706 sit
1082 2649 1132 2724 qui

303 2745 390 2803 vitem
412 2746 501 2816 colas
1074 2751 1132 2804 700

140 2826 272 2916 Effugias
293 2860 329 2898 ex
351 2840 420 2900 rirbe
441 2843 543 2912 inaniS,
559 2842 700 2918 prefugus
721 2845 844 2920 patriam
865 2843 989 2914 deseras,
1102 2865 1131 2915 75

142 2938 300 3013 Cegnatos‚
316 2939 502 3010 adfinitatem,
517 2941 627 2999 amieos
648 2941 729 2999 factis
750 2939 865 3016 nriptiis.

142 3035 212 3092 Mea
232 3054 320 3110 opera
340 3037 407 3095 hinc
429 3037 610 3113 proterritum
632 3047 660 3095 te
681 3037 803 3113 merique
825 3040 941 3098 avaritia
963 3038 1131 3098 autument:

143 3118 179 3191 fd
198 3152 246 3190 me
268 3133 480 3193 conmisst'rrum
500 3147 532 3193 ut
553 3137 644 3211 patiar
665 3136 726 3193 fieri
747 3154 785 3193 ne
806 3137 936 3194 animum
958 3136 1113 3195 induxeris

142 3239 197 3289 ST.
219 3231 288 3289 Neu
300 3233 376 3289 enim
387 3249 507 3308 possum
519 3234 590 3309 quin
600 3233 778 3293 exciamem:
798 3252 880 3310 euge,
890 3234 973 3310 erige,
983 3234 1133 3311 Lysiteles,

302 3333 387 3388 πάλιν.
621 3371 624 3378 =
935 3351 941 3364 “
1073 3338 1132 3390 705

142 3425 238 3486 Facile
259 3427 387 3503 palmam
408 3427 513 3487 habes:
543 3429 589 3486 hic
611 3428 729 3488 victust:
754 3430 820 3489 vicit
841 3440 891 3489 tua
911 3430 1071 3490 comoedia.
1101 3442 1136 3489 80
