2452 3810
243 461 494 555 PLAVTI
548 463 985 557 TRINVMMVS.
1093 497 1094 500 ‘

522 647 696 659 *u—

466 747 761 814 PROLOGVS.

407 886 608 939 LVXVRIA.
655 887 815 941 INOPIA.

118 991 236 1072 (Athens
245 1014 257 1052 .·
278 1013 297 1052 o
304 993 384 1068 place
397 992 565 1069 wheresour
577 999 669 1050 streels
682 999 766 1051 meet:
788 1012 821 1050 on
835 1011 882 1050 one
897 992 955 1049 side
968 989 1011 1048 the
1023 989 1104 1047 house

157 1086 195 1162 of
209 1083 379 1152 Charmides,
402 1101 437 1139 on
458 1083 500 1139 the
523 1081 597 1139 other
618 1083 679 1139 that
699 1084 736 1160 <ff
741 1083 847 1142 Philto.
892 1081 950 1139 The
973 1079 1057 1139 Scene
1079 1081 1103 1135 is

158 1173 320 1247 anchanged
330 1172 498 1246 throughout
508 1171 552 1228 thr
559 1168 648 1250 ploni.)

118 1283 183 1335 LV.
206 1276 331 1352 Sequere
351 1275 405 1334 hac
426 1294 482 1346 me,
497 1285 594 1351 gnata,
608 1286 640 1334 ut
660 1274 766 1335 munus
788 1276 917 1352 iungaris
938 1284 1028 1334 tuom.
1119 1351 1121 1355 7

119 1382 175 1432 IN.
199 1373 326 1450 Sequor:
347 1373 399 1432 sed
420 1374 507 1431 finem
521 1373 582 1431 iore
602 1391 690 1448 quem
711 1375 806 1432 dicam
826 1375 934 1432 nescio.

117 1479 182 1530 LV.
196 1471 307 1531 Adest:
329 1489 385 1542 em,
399 1471 480 1531 illaec
500 1481 567 1530 sunt
583 1469 687 1531 aedes:
711 1471 722 1530 i
739 1472 813 1530 intro
832 1469 978 1528 minciam.
1047 1459 1050 1466 Χ

198 1603 438 1684 (Addressingthe
451 1600 598 1682 audietne.)
834 1546 1063 1631 (Exasnopm')

117 1685 215 1756 Nunc,
229 1685 331 1760 nequis
351 1694 425 1743 erret
445 1685 582 1755 vostrum,
596 1683 695 1760 paucis
716 1682 746 1742 in
767 1682 842 1741 viam

117 1781 278 1853 Deddcam‚
293 1783 317 1841 si
337 1782 455 1858 quidem
475 1781 595 1858 operam
616 1783 683 1841 dare
705 1780 878 1858 promittitis.
1086 1782 1102 1835 5

118 1878 205 1938 Nunc
225 1881 311 1954 igitur
331 1880 455 1954 primum
476 1878 551 1955 quad
572 1897 629 1955 ego
650 1879 705 1937 sim
726 1887 754 1937 et
773 1895 848 1954 quae
869 1873 950 1934 illaec
972 1875 1025 1935 siet

118 1975 187 2035 Huc
207 1994 282 2051 quae
303 1975 372 2033 abiit
392 1975 473 2046 intro,
494 1975 592 2033 dicam
613 1976 637 2033 si
659 1975 786 2032 animum
808 1972 963 2032 advortitis.

117 2071 245 2132 Primtim
264 2073 335 2130 mihi
355 2072 472 2130 Plautus
492 2072 601 2130 nomen
621 2071 765 2129 Luxuriae
786 2069 904 2130 indidit:

118 2171 198 2230 Tum
217 2169 301 2229 illinc
322 2169 392 2227 mihi
412 2187 477 2228 esse
497 2167 617 2243 guttam
637 2168 727 2227 voluit
747 2152 891 2244 inopiam

119 2268 176 2328 Sed
196 2267 231 2326 ea
251 2267 322 2344 quid
341 2265 398 2323 huc
418 2265 493 2323 intro
514 2266 577 2324 ierit
597 2261 712 2341 inpulsu
732 2282 808 2335 meo,
1067 2269 1103 2323 10

117 2365 249 2442 Accipite
269 2373 300 2422 et
320 2362 385 2422 date
406 2363 522 2422 vocivas
544 2363 620 2422 auris
641 2363 711 2420 dum
731 2361 859 2437 eloquor.

117 2448 298 2523 Adulescens
317 2463 470 2539 quidamst,
492 2462 544 2539 qui
563 2462 593 2519 in
613 2461 692 2520 hisce
713 2461 822 2519 habitat
842 2459 979 2521 aedibus:

117 2560 147 2620 Is
168 2561 229 2619 rem
250 2570 400 2636 paternam
420 2577 468 2617 me
488 2559 625 2618 idiutrice
646 2557 777 2635 perdidit.

118 2658 266 2730 Quoniam
287 2658 323 2729 ei,
337 2657 388 2733 qui
408 2675 455 2715 me
477 2656 564 2715 aleret
583 2656 625 2715 nil
644 2656 729 2715 video
749 2674 813 2715 esse
834 2655 938 2728 relicui,

116 2755 193 2814 Dedi
213 2755 242 2813 ei
261 2771 359 2812 meam
379 2763 506 2829 gnatam,
521 2754 639 2830 quicum
657 2773 714 2811 uno
735 2763 858 2812 aetatem
878 2753 980 2830 exigat
1067 2758 1102 2813 15

117 2852 175 2911 Sed
196 2851 232 2910 de
252 2850 423 2927 iugumento
444 2869 481 2909 ne
503 2850 661 2926 expectetis
682 2849 811 2909 fabulae:

117 2949 209 3010 Senes
229 2949 278 3025 qui
299 2949 355 3008 huc
375 2949 491 3007 venient
512 2949 522 3007 i
541 2947 602 3006 re'm
623 2948 705 3007 vobis
726 2948 862 3024 iperient

116 3048 195 3107 Huic
218 3046 329 3106 Graece
350 3064 458 3106 nomen
478 3046 522 3106 est
541 3046 713 3105 Thensauro
735 3045 867 3107 fabulaet

115 3143 247 3207 Philemo
268 3145 398 3220 scripsit:
420 3143 537 3204 Platitus
556 3145 641 3203 vortit
661 3142 791 3215 birbare,
994 3206 1004 3221 ,

115 3241 235 3303 Nomen
256 3241 431 3300 Trinummo
452 3241 525 3301 iecit.
548 3260 626 3301 nunc
646 3260 699 3301 vos
719 3241 776 3301 hoc
796 3251 881 3318 rogat
1065 3245 1102 3302 20

114 3341 157 3402 Vt
176 3340 261 3400 liceat
280 3338 428 3417 possidere
447 3339 523 3399 hanc
544 3357 654 3399 nomen
675 3339 811 3399 fabulam.

115 3435 280 3498 Tanttimst.
301 3435 410 3507 valete:
432 3436 528 3498 adeste
550 3455 616 3497 cum
638 3436 760 3497 silentio.
951 3435 1064 3519 (Exn.)

586 3536 604 3578 a
621 3537 636 3578 2
