2452 3810
75 291 121 341 IV.
135 294 156 340 1.
169 303 239 345 1-11.
448 281 476 333 T
473 280 548 333 RIN
553 281 648 333 VMM
652 279 706 333 VS.

399 778 619 870 ACTVS
679 786 754 869 IV.

525 1032 579 1092 SC.
605 1038 629 1091 1.

442 1199 699 1250 CHARMIDES.

161 1363 264 1443 (Enter
287 1365 450 1426 Charmru'rr
459 1366 526 1443 just
544 1371 660 1428 arrived
667 1370 751 1446 fram
773 1369 815 1426 the
835 1365 979 1446 Piraeus.)

81 1499 252 1576 Salipotenti
267 1510 296 1558 et
309 1499 503 1576 multipotenti
517 1502 597 1560 ·I⁶vis
618 1502 695 1561 fratri
710 1501 835 1559 aetherei
850 1501 988 1578 Neptuno
1009 1503 1066 1560 820

81 1597 188 1656 Laetus
203 1598 305 1657 lubens
322 1598 421 1657 laudes
435 1617 491 1675 ago
511 1611 606 1676 gratas
620 1599 765 1676 gratisque
779 1599 874 1657 habeo
893 1610 922 1658 et
934 1598 1067 1659 fluetibus

243 1697 332 1768 salsis,
463 1702 467 1710 '

81 1794 165 1867 Quos
179 1814 270 1872 penes
285 1797 414 1875 meifur‘t
431 1807 566 1874 potestas
581 1799 666 1858 bonis
685 1799 758 1858 meis
772 1799 842 1876 quid
856 1797 929 1856 foret
944 1797 973 1857 et
985 1815 1068 1857 meae

243 1895 325 1966 vitae,
412 1891 414 1897 ’
628 1967 632 1976 1

81 1992 182 2065 Quom
203 1994 262 2052 suis
283 1975 331 2052 me
352 2014 388 2053 ex
410 1996 481 2054 locis
501 1997 532 2054 in
549 1996 670 2072 patriam
690 1998 792 2054 urbem
813 2000 896 2071 arque
915 1996 1069 2053 zizcolumem

243 2091 380 2151 reducem
395 2093 510 2151 faciunt.

80 2176 178 2267 Atque
198 2190 249 2248 tibi
271 2208 337 2266 eg0,
358 2189 504 2267 Neptune,
527 2191 593 2248 ante
615 2191 686 2250 alios
707 2189 779 2249 deos
800 2192 888 2267 gratis
909 2208 966 2267 ago
986 2202 1071 2267 atque

242 2288 337 2356 habeo
352 2307 489 2347 summae.
1057 2313 1070 2359 5

82 2384 159 2444 Nam
174 2395 202 2444 te
216 2404 321 2444 omnes
339 2387 514 2463 saevumque
534 2404 730 2463 severumque,
746 2386 836 2446 avidis
855 2385 984 2446 moribus
1002 2405 1072 2446 con-

244 2494 415 2554 memorant,
494 2522 499 2532 ·
1014 2489 1071 2542 825

82 2579 282 2658 Spurcificum,
303 2583 460 2653 inmanem,
481 2582 701 2655 Intolerandum,
723 2579 881 2640 vesanum:
907 2601 954 2658 ego
975 2594 1074 2641 contra

243 2680 332 2756 opera
347 2690 489 2756 expertus.

80 2776 160 2836 Nam
181 2778 231 2854 pol
256 2778 370 2854 placido
394 2788 423 2837 te
447 2779 477 2837 et
501 2779 635 2851 clementi
660 2798 696 2837 eo
720 2777 811 2853 usque
835 2777 926 2837 modo
946 2789 977 2836 ut
998 2780 1073 2836 volui

243 2875 313 2934 ustis
329 2895 394 2935 sum
410 2878 439 2934 in
455 2878 522 2935 alto,
594 2949 596 2952 y

81 2959 178 3050 Atque
204 2974 279 3033 hanc
301 2985 381 3033 tuam
402 2974 480 3050 apud
502 2974 635 3032 homines
659 2974 781 3048 gloriam
806 2971 921 3032 alitibus
945 2975 1002 3032 iarn
1025 2993 1072 3032 ae-

244 3073 378 3148 ceperam
398 3084 482 3130 ante:
558 3123 561 3127 ,

81 3168 259 3248 Pauperibus
287 3182 315 3230 te
344 3171 461 3247 parcere
494 3172 619 3245 solitum,
645 3173 711 3230 ditis
740 3173 879 3231 damnare
906 3172 992 3249 atque
1020 3173 1072 3230 do·
1147 3174 1148 3177 ’

243 3287 330 3327 mare.
1042 3293 1072 3326 10

80 3353 148 3441 Abi,
162 3366 266 3426 laudo:
290 3366 347 3424 scis
367 3366 468 3425 ordine
488 3378 519 3426 ut
538 3377 691 3446 aequomst
704 3366 824 3427 tractare
843 3368 992 3426 homines:
1015 3367 1071 3423 hoc

244 3466 288 3525 dis
303 3464 469 3542 dignumst:
1012 3467 1070 3522 830

555 3585 605 3626 Μ
