2452 3810
175 228 214 272 10
584 218 664 272 PLA
672 219 700 272 V
698 214 744 272 TI
971 231 993 282 1.
1006 231 1029 282 2.
1041 233 1166 298 159-185.

172 378 231 437 Sed
251 377 320 454 quld
334 377 384 450 als,
396 377 465 455 quid
476 396 554 437 nunc
565 380 666 455 virgo?
682 396 787 455 nempe
799 378 876 456 apud
890 379 966 441 test?
997 389 1061 440 ΟΔ.
1079 383 1164 454 Itast,

84 552 86 558 y
170 474 312 553 quteque
333 495 398 534 earn
419 495 488 535 curo
510 475 577 535 cr‘rm
597 495 670 536 mea.
713 484 784 534 ΜΕ.
806 476 898 537 Recte
919 477 998 538 facis.
1117 491 1165 540 160

170 581 232 632 ΟΔ.
254 573 405 651 Numquid
418 575 496 650 prius
511 592 598 651 quam
613 577 687 633 abeo
700 572 748 633 me
761 574 940 651 rogaturus?
980 584 1053 636 ΜΕ.
1075 577 1163 638 Vale.

819 672 911 753 (Exit
925 673 1077 753 Calliclea)

169 770 247 829 Nihil
268 769 312 831 est
332 772 462 849 profecto
485 770 595 832 stdltius
617 790 712 849 neque
734 771 865 832 stelidius

169 865 287 948 [Neque
309 870 539 929 mendacilocum
560 870 656 947 neque
677 870 751 929 adeo
773 867 906 947 argutum
926 867 1035 952 magis]
1101 877 1164 932 200

168 965 272 1043 Neque
293 967 562 1045 cenfidentilequius
584 985 678 1044 neque
699 966 856 1045 periririus⁴

168 1063 265 1135 Quam
286 1064 387 1122 urbeni
408 1065 521 1123 adsidui
541 1066 627 1134 cives,
643 1082 717 1140 quos
739 1064 851 1124 seurres
871 1075 985 1124 vocant
1115 1077 1163 1140 165

166 1162 262 1239 Atque
283 1162 400 1238 egomet
420 1182 467 1221 me
488 1163 562 1221 adeo
584 1160 651 1221 crim
671 1163 725 1222 illis
745 1182 804 1222 una
824 1163 932 1222 ibidem
953 1163 1057 1224 traho:

166 1259 226 1331 Qui
246 1259 359 1318 illerum
381 1261 474 1318 verbis
496 1260 574 1319 selsis
595 1259 730 1337 accepter
752 1261 800 1333 fui,

166 1356 225 1428 Qui
246 1359 344 1415 omnia
365 1376 396 1416 se
418 1359 553 1416 simulant
575 1359 648 1416 sclre
669 1376 764 1435 neque
785 1356 941 1435 quicquem
962 1359 1066 1417 sciunt.
1087 1364 1163 1419 205

166 1454 255 1526 Quod
277 1457 398 1532 quisque
419 1457 449 1513 in
471 1456 569 1514 animo
590 1455 677 1514 habet
698 1464 746 1514 aut
766 1454 935 1526 habiturust,
951 1456 1064 1515 sciunt:

166 1551 265 1612 Sciunt
286 1554 355 1630 quid
375 1555 406 1611 in
426 1570 526 1610 aurem
547 1552 598 1610 rex
619 1553 736 1628 reginae
757 1553 874 1611 dixerit:
1113 1577 1164 1630 170

166 1650 264 1709 Sciunt
285 1651 363 1727 quod
384 1650 458 1709 Iuno
480 1650 630 1709 febulatast
652 1649 719 1708 edm
740 1651 827 1710 Iove:
1031 1637 1043 1651 ⁸

164 1745 262 1829 [Quae
283 1748 378 1823 neque
398 1747 493 1806 futura
515 1748 610 1824 neque
632 1759 706 1819 sunt,
721 1757 820 1807 tamen
841 1749 882 1807 illl
902 1744 1019 1830 sciunt]

164 1846 287 1904 Falsene
308 1865 346 1903 an
367 1863 435 1902 vero
455 1842 582 1917 laedent,
597 1846 713 1922 culpent
735 1847 822 1922 quem
843 1848 938 1919 velint,
1098 1854 1161 1909 210

165 1943 235 2002 Non
255 1943 338 2002 flecci
359 1942 474 2011 faciunt,
496 1940 566 2000 dr'rrn
587 1942 656 2001 illud
677 1943 757 2020 quod
777 1943 875 2004 lubeet
897 1946 997 2004 sciant„

164 2041 277 2101 Omnes
297 2041 432 2099 mortales
454 2037 531 2098 hdnc
552 2041 667 2099 aiebant
688 2041 837 2102 Celliclem
1112 2067 1159 2119 175

164 2140 324 2216 Indignum
344 2138 455 2198 civitete
476 2157 510 2198 ac
532 2157 595 2198 sese
616 2140 718 2212 vlvere‚

164 2237 255 2297 Bonis
276 2240 324 2315 qui
346 2239 424 2296 hunc
445 2237 659 2297 adulescentem
680 2237 829 2298 evortisset
850 2239 916 2299 suis·

163 2337 230 2413 Ego
252 2337 288 2395 de
309 2335 409 2394 eerum
431 2336 523 2393 verbis
544 2335 779 2411 semigeratorum
800 2337 927 2396 lnsciens
1096 2343 1159 2399 215

164 2434 286 2492 Prosllui
307 2433 432 2490 amicum
453 2430 624 2506 uestigatum
645 2432 806 2492 innexium.

165 2531 254 2602 Quod
275 2531 298 2587 si
318 2528 479 2605 exquiratur
499 2527 591 2603 risque
612 2530 649 2586 ab
671 2531 759 2605 stirpe
780 2530 941 2601 aucteritas
1111 2544 1160 2591 180

164 2628 249 2687 Vnde
270 2627 396 2703 quidque
417 2625 546 2690 auditum
566 2626 680 2684 dicant:
701 2628 756 2685 nisi
777 2628 807 2686 id
827 2626 973 2704 adpereat,

164 2723 368 2799 Famlgeratori
388 2722 433 2780 res
454 2723 489 2779 sit
511 2740 577 2779 cum
599 2722 707 2780 damno
729 2723 758 2782 et
779 2725 875 2782 malo:

164 2822 232 2880 Hoc
252 2823 291 2879 lta
311 2821 335 2880 si
356 2821 412 2891 fiat,
430 2819 546 2895 pdblico
568 2818 617 2877 liet
636 2821 725 2880 bono.
1094 2828 1157 2887 220

164 2919 254 2978 Paucl
273 2919 329 2976 sint
348 2918 436 2976 laxim
457 2919 508 2993 qul
530 2918 620 2975 sciant
641 2918 721 2993 quod
741 2917 881 2991 nesciunt,

165 3015 419 3092 Occldsioremque
439 3015 565 3075 hebeant
586 3014 846 3093 stultiloquentiam.
950 3013 1063 3098 (Exit.)
1109 3031 1155 3094 185
1197 3010 1199 3014 ¹
