2452 3810
172 238 215 302 34
582 225 741 280 Prnrrr
974 234 1025 285 111.
1037 237 1062 285 a.
1077 197 1182 303 ,aas

172 389 230 447 Sed
251 389 387 465 epistulas
408 392 525 468 quando
547 392 713 468 obsignatas
733 389 848 462 adferet,

171 485 280 544 Nonne
300 486 437 546 arbitrare
458 486 501 547 siti
523 489 737 547 adulescentem
759 487 836 544 anuli

170 581 285 640 Paterni
306 585 422 660 signum
441 585 576 643 novissei
596 593 668 642 ΜΕ.
684 585 781 643 Etiam
802 581 833 641 tir
853 583 952 642 taces?
1039 592 1076 644 60
1106 589 1164 642 790

172 679 326 739 Sescentae
347 683 384 739 ad
405 701 470 741 eam
491 702 553 741 rem
574 681 822 765 carisaepossunt
842 681 966 756 conligi:

170 775 246 835 Eum
267 798 354 855 quem
374 781 472 838 habuit
492 781 622 857 perdidit,
637 781 724 838 ilium
745 788 813 856 post
833 778 900 836 iecit
920 794 1038 836 novom.

170 874 235 932 Iam
256 877 280 933 si
300 877 468 952 obsignatas
489 878 550 935 non
571 880 649 948 feret,
666 878 721 935 dici
743 878 799 935 hoc
820 884 916 953 potest

169 972 260 1048 Apud
279 974 430 1049 portitores
452 975 500 1033 eis
521 975 679 1051 resignatis
700 975 754 1034 sibi

171 1069 378 1148 Inspectasque
399 1091 472 1131 esse.
494 1075 524 1130 in
544 1071 629 1131 huius
650 1073 731 1132 modi
752 1073 871 1149 negotio
1035 1079 1071 1145 65
1106 1079 1164 1133 795

170 1169 256 1226 Diem
277 1188 411 1229 sermone
432 1170 522 1230 terere
544 1171 680 1246 segnities
701 1182 822 1230 merast:

170 1266 310 1338 Quamvis
332 1287 480 1327 sermones
501 1268 624 1344 p6ssunt
644 1269 724 1344 longi
744 1269 842 1327 texier.

168 1366 227 1423 Abi
247 1366 285 1425 ad
305 1367 493 1425 thensaurum
513 1365 571 1424 iam
592 1367 743 1424 confestim
763 1366 943 1426 clanculum:

171 1463 282 1535 Servos,
297 1466 415 1524 ancillas
437 1466 557 1526 amove:
580 1475 665 1541 atque
680 1465 787 1523 audin?
810 1473 873 1523 CA.
890 1464 969 1537 Quid
983 1465 1048 1524 est?

169 1569 240 1620 ME.
263 1562 392 1621 derem
413 1582 531 1640 quoque
552 1582 670 1638 eampse
691 1560 767 1621 hinc
788 1580 850 1620 rem
870 1563 912 1619 uti
933 1561 1010 1626 celes
1031 1562 1116 1622 face:
1134 1583 1166 1636 70

169 1660 247 1718 Nam
268 1661 318 1737 pol
339 1672 432 1719 tacere
453 1660 614 1738 numquam
635 1663 818 1738 quicquamst
840 1660 919 1736 qudd
941 1670 1036 1735 queat.
1104 1663 1162 1719 801

170 1758 248 1828 Quid
269 1757 347 1816 minc
370 1761 447 1817 stas?
468 1761 538 1834 quin
560 1769 590 1817 tu
611 1758 679 1819 hinc
700 1768 723 1818 te
743 1759 861 1818 amoves
882 1769 910 1816 et
931 1757 960 1815 te
982 1759 1108 1817 moves?

167 1855 265 1930 Aperi,
282 1857 420 1933 deprome
441 1859 508 1916 inde
529 1857 589 1917 ariri
610 1859 647 1916 ad
668 1858 743 1917 hanc
763 1875 825 1916 rem
846 1856 926 1933 quod
947 1866 990 1913 sat
1011 1865 1074 1915 est:

168 1954 316 2013 Continuo
336 1965 437 2031 operta
458 1956 572 2015 denuo:
594 1956 646 2016 sed
667 1955 838 2026 clanculum,

169 2050 248 2110 Sicut
269 2055 419 2129 praecepi:
441 2051 563 2112 cunctos
585 2056 705 2133 exturba
725 2053 852 2111 aedibus,
1036 2073 1066 2124 75
1102 2057 1164 2111 805

169 2158 230 2208 CA.
248 2151 293 2209 Ita
307 2147 418 2210 fac‘iam.
440 2159 512 2210 ΜΕ.
526 2153 566 2210 At
584 2153 662 2209 enim
675 2151 760 2209 nimis
774 2150 863 2226 longo
883 2167 1018 2209 sermone
1036 2148 1165 2209 utimur:

166 2247 254 2307 Diem
275 2250 452 2321 conficimus,
467 2250 557 2326 quom
578 2251 635 2307 iam
656 2249 838 2325 properatdst
858 2266 942 2324 opus.

167 2347 247 2404 Nihil
268 2346 311 2405 est
332 2346 368 2404 de
389 2348 473 2422 signo
495 2347 575 2423 quod
595 2365 726 2405 vereare:
750 2345 798 2404 me
818 2345 891 2404 vide.

167 2443 305 2520 Lepidast
325 2443 372 2500 illa
393 2462 487 2514 causa,
501 2453 533 2501 ut
552 2444 776 2515 conmemoravi,
791 2443 885 2501 dicere

167 2543 256 2616 Apud
277 2542 429 2617 portitores
450 2540 513 2599 esse
534 2541 688 2615 inspectas
710 2540 835 2617 denique
1029 2551 1061 2599 80
1102 2546 1162 2601 810

167 2639 233 2700 Diei
254 2649 367 2714 tempus
388 2639 449 2696 min
469 2638 568 2696 vides?
589 2638 659 2712 quid
680 2636 865 2714 illdm'putas

167 2735 278 2795 Natura
300 2738 347 2794 illa
367 2746 452 2811 atque
473 2735 610 2811 ingenio?
632 2737 690 2794 iam
712 2736 823 2794 dudum
843 2736 959 2795 ebriust.

167 2835 290 2905 Quidvis
311 2838 434 2911 probare
455 2834 575 2910 poterit:
597 2843 667 2904 tum,
683 2836 763 2910 quod
780 2835 984 2906 manumumst‚

166 2934 296 3003 Adferre,
312 2951 372 2991 non
394 2952 425 2991 se
446 2932 544 3009 petere
564 2931 633 2991 hinc
654 2932 737 2991 dicet.
760 2941 822 2991 CA.
839 2932 903 2991 Iam
924 2943 969 2992 sat
990 2944 1042 2992 est.

167 3040 237 3089 ΜΕ.
259 3031 324 3105 Ego
346 3031 555 3105 sicophantam
576 3030 634 3088 iim
655 3032 790 3090 conduco
813 3031 849 3088 de
870 3032 933 3090 foro
1036 3043 1068 3104 85
1101 3037 1160 3090 815

166 3129 369 3206 Epistulasque
389 3128 447 3186 iam
468 3128 650 3203 consignabo
672 3130 744 3188 duas

166 3229 300 3304 Eumque
320 3224 378 3284 hric
399 3228 439 3284 ad
456 3226 670 3286 adulescentem
690 3226 860 3288 meditatim
881 3232 972 3305 probe

168 3327 293 3385 Mittam.
315 3334 376 3384 CA.
393 3309 440 3384 Eo
463 3345 519 3403 ego
540 3345 604 3403 ergo
624 3327 709 3403 igitur
729 3329 804 3388 intro
825 3330 863 3388 ad
884 3329 1011 3389 officirim
1031 3346 1149 3389 meum:

168 3426 218 3484 Tu
238 3423 311 3486 istrie
332 3444 395 3502 age.
416 3433 486 3484 ΜΕ.
504 3427 609 3485 Actum
631 3427 751 3487 reddam
772 3429 984 3505 nugacissume.
