2400 3794
136 214 176 300 38
551 219 630 273 PLA
639 218 709 272 VT!
940 228 986 278 1v.
1000 229 1021 279 a.
1039 229 1129 292 29-48.

138 395 203 447 cH.
226 384 314 459 Quid,
327 383 505 455 adulescens,
515 381 647 459 quaeris?
669 381 813 458 quidvis?
835 380 907 458 quid
923 381 993 440 istas
1010 380 1129 455 pultas?

298 490 358 541 ΒΥ.
381 479 473 552 Heus
488 500 586 553 senex,
1098 502 1128 551 29

136 582 331 642 Lesbonicum
345 580 412 637 hinc
427 578 641 638 idulescentem
655 575 772 656 quaero,
787 577 817 635 in
831 576 876 636 his
890 577 1057 653 regionibus

136 661 196 740 ilbi
212 681 327 752 habitet,
343 688 372 738 et
390 680 460 738 item
482 677 602 737 alterum
621 678 659 736 ad
677 678 769 735 istanc
786 675 888 751 capitis
908 675 1107 746 albitudinem,

137 780 284 841 Cilliclem
305 799 381 855 quem
402 775 479 836 aibat
499 778 594 836 vocari
616 777 664 852 qui
685 774 738 834 his
758 775 829 832 mihi
850 774 929 833 dedit
949 774 1098 849 epistulas.

138 887 204 939 GH.
225 877 343 956 (Aside.)
365 875 467 934 Meum
486 885 606 952 gnatum
623 875 670 933 hic
687 875 805 951 quidem
822 873 1018 932 Lesbonicum
1037 871 1127 950 quae-

297 976 331 1032 rit
352 984 381 1032 et
402 971 528 1031 amicum
549 990 647 1030 meum
1066 974 1127 1028 875

138 1073 219 1145 Quoi
239 1090 294 1148 ego
316 1071 478 1145 liberosque
498 1070 635 1146 bonaque
655 1069 846 1129 conmendavi
868 1068 1023 1129 Cilliclem.
1097 1090 1127 1139 35

137 1177 198 1229 ΒΥ.
219 1169 278 1227 Fac
298 1187 346 1226 me
367 1169 390 1225 si
412 1167 468 1225 scis
489 1164 647 1237 certiorem,
663 1167 743 1226 hisce
762 1152 896 1225 homines
917 1167 967 1225 ubi
987 1164 1126 1235 habitent,

299 1275 387 1342 pater.

138 1373 203 1424 011.
226 1365 307 1437 Quid
328 1382 380 1422 eos
399 1363 531 1440 quaeris?
552 1359 601 1421 adt
618 1363 682 1439 quis
699 1363 749 1421 es?
771 1372 820 1421 aut
839 1359 960 1422 tinde’s?
982 1371 1032 1420 aut
1048 1362 1128 1420 unde

297 1461 435 1536 advenis?

137 1570 198 1621 ΒΥ.
220 1560 334 1621 Census
357 1577 446 1634 quom
465 1578 526 1615 sum
547 1555 662 1616 iuratori
682 1557 759 1618 recte
780 1556 922 1619 rationem
943 1558 1017 1617 dedi.
1096 1581 1128 1628 30

138 1659 231 1718 Multa
246 1657 329 1716 simul
343 1656 445 1731 rogis:
467 1656 565 1713 nescio
583 1656 652 1731 quid
669 1655 822 1730 expediam
837 1657 1039 1732 potissumum.
1068 1658 1127 1714 880

139 1758 169 1816 Si
190 1752 420 1830 imumquidquid
441 1752 604 1826 singillatim
625 1763 654 1810 et
674 1753 787 1829 plicide
807 1753 1024 1830 percontabere,

137 1839 176 1912 Et
192 1871 291 1910 meum
308 1868 416 1908 nomen
434 1850 462 1908 et
479 1868 545 1908 mea
561 1849 635 1908 iacta
653 1859 681 1907 et
699 1852 803 1910 itinera
819 1870 875 1927 ego
894 1852 961 1910 faxo
979 1851 1060 1910 scias.
1095 1876 1129 1925 40

139 1959 205 2011 GH.
226 1949 343 2009 Ficiam
363 1949 401 2007 ita
423 1959 455 2007 ut
475 1949 534 2007 vis:
557 1948 692 2024 agedum,
710 1967 820 2008 nomen
844 1951 971 2026 primum
996 1966 1128 2007 memora

298 2049 379 2107 tuom
401 2047 479 2106 mihi.

137 2156 199 2207 ΒΥ.
230 2145 372 2223 Mignum
402 2146 512 2204 facinus
541 2145 685 2223 incipissis
715 2144 821 2222 petere.
864 2153 929 2204 0110
959 2145 1039 2217 Quid
1068 2145 1128 2204 ita?

299 2253 358 2304 ΒΥ.
381 2244 466 2316 Quia,
485 2253 573 2320 pater,

138 2346 167 2404 Si
189 2344 256 2405 ante
276 2345 370 2403 lucem
392 2345 432 2400 ire
452 2342 541 2399 hlrcle
561 2342 688 2417 occipias
709 2341 726 2399 a
747 2360 814 2401 meo
835 2343 930 2418 primo
951 2341 1080 2412 nomine,

137 2443 319 2504 C6neubium
349 2443 383 2500 sit
410 2440 504 2499 n6ctis
532 2441 611 2516 prius
640 2458 729 2516 quam
757 2441 795 2500 ad
819 2442 1001 2517 postremum
1026 2439 1129 2518 perve-

298 2541 382 2599 neris
556 2609 560 2615 ¹
1068 2542 1128 2597 886

137 2648 208 2700 011..
221 2623 308 2716 (lpus¹
318 2639 421 2697 factost
436 2635 539 2695 viitico
551 2637 589 2695 ad
600 2647 681 2695 tuom
695 2637 813 2706 nomen,
825 2647 856 2696 ut
867 2647 897 2696 tu
907 2636 1065 2715 praedicas.
1096 2662 1128 2711 45

136 2745 195 2795 SY.
217 2721 272 2794 Est
292 2735 486 2794 minusculum
507 2733 627 2792 alterum
649 2735 731 2808 quasi
752 2733 900 2793 vasculum
917 2733 1066 2794 vinarium.

137 2841 201 2893 011.
225 2833 306 2904 Quid
323 2835 411 2891 idest
431 2833 482 2891 tibi
503 2830 620 2901 nomen,
635 2831 825 2892 adulescens?
866 2839 927 2890 ΒΥ.
938 2832 1020 2903 Pax,
1038 2833 1068 2891 id
1085 2844 1130 2894 est

298 2931 408 2989 110de
430 2930 518 2987 mihi:
1097 2958 1130 3005 94

137 3031 206 3090 Hoc
228 3028 438 3088 cotidianumst.
482 3034 548 3086 011.
571 3028 685 3104 Edepol
706 3028 816 3088 nomen
836 3030 1038 3105 nugatorium:
1069 3034 1129 3089 890

138 3128 229 3202 Quasi
250 3128 337 3196 dicas,
357 3125 452 3201 siquid
474 3127 644 3185 crediderim
666 3127 725 3198 tibi,
744 3147 801 3202 pax
822 3132 942 3204 periisse
964 3131 1039 3186 ilico.
1097 3138 1130 3199 96

138 3225 258 3306 (Anile.)
280 3225 339 3282 Hic
366 3224 457 3282 homo
487 3225 576 3282 solide
606 3224 820 3299 sicophantast.
842 3224 968 3302 (Aloud.)
991 3225 1060 3300 quid
1087 3227 1130 3283 ais

298 3334 337 3394 tu,
355 3320 544 3381 adulescens?
586 3329 646 3380 ΒΥ.
669 3322 749 3392 Quid
770 3326 831 3381 est?
1097 3348 1130 3398 47

140 3431 206 3482 GH.
221 3408 373 3500 Eloquere,
384 3421 430 3481 isti
441 3422 491 3480 tibi
502 3420 572 3497 quid
580 3420 714 3480 homines
725 3421 832 3480 debent
844 3441 918 3500 quos
928 3434 959 3482 tu
970 3420 1130 3500 quaeritas?
