2452 3810
155 230 176 292 6
579 233 736 291 PLAVTJ
987 244 1010 294 1.
1022 245 1045 294 2.
1057 244 1149 308 33-68.

154 402 219 462 Nisi
239 400 270 462 td
290 421 337 463 me
358 402 489 463 mihimet
510 399 612 463 censes
633 400 775 463 dicturum
795 400 879 462 male.

153 498 232 557 Nam
254 500 278 557 si
299 501 378 558 inte
400 509 550 575 aegrotant
570 500 645 558 drtes
666 497 797 575 antiquae
818 510 884 556 tuae
1108 497 1148 553 72

156 594 301 654 Omnibus
322 597 423 655 amicis
443 596 578 655 murbum
598 605 630 655 tu
650 595 771 654 incuties
791 613 918 672 gravem,
1109 597 1147 649 75

154 693 194 751 Vt
214 693 243 752 te
263 694 358 752 videre
378 694 535 772 audireque
556 695 667 770 aegroti
687 694 769 752 sient.

156 797 218 848 cA.
240 790 300 862 Qui
318 792 348 848 in
368 791 495 849 mentem
516 792 593 849 venit
613 792 666 848 tibi
686 791 776 850 istaec
796 790 873 850 dicta
893 789 1009 848 dicere?
1114 810 1149 861 40

117 941 119 945 .
153 894 225 946 ΜΕ.
247 887 325 959 Quia
345 888 440 946 omnis
461 890 556 946 bonos
576 887 728 964 bondsque
749 887 887 948 adcurare
907 885 1038 958 {ddecet

155 985 355 1062 Suspicionem
375 994 404 1043 et
424 982 539 1060 culpam
560 994 592 1043 ut
612 986 649 1042 ab
669 1003 701 1043 se
722 983 884 1060 segregent.

155 1089 217 1140 ΟΔ.
241 1083 311 1142 Non
331 1083 427 1159 pdtest
447 1085 598 1160 utrumque
619 1082 689 1140 fieri.
716 1088 788 1154 ME,
809 1079 1016 1160 Quapropter?
1038 1088 1104 1140 od.

315 1179 436 1256 Rogas?
1106 1182 1148 1236 80

154 1277 202 1338 Ne
222 1278 373 1338 admittam
394 1279 517 1355 cuipam,
538 1297 595 1356 ego
613 1278 680 1338 med
702 1296 766 1340 sum
786 1295 907 1356 promus
927 1276 1057 1356 pectori:

156 1376 316 1452 Suspiciost
335 1377 365 1434 in
385 1375 503 1452 pectore
523 1378 617 1436 aliend
638 1380 700 1438 sita.
1114 1400 1148 1451 45

156 1472 235 1532 Nam
257 1472 335 1533 minc
357 1493 413 1550 ego
435 1475 459 1532 si
479 1485 507 1533 te
528 1474 713 1552 subrupuisse
734 1473 863 1553 sdspicer

154 1571 219 1630 Iovi
239 1589 377 1630 coronam
398 1570 435 1629 de
456 1574 548 1648 capite
569 1591 606 1631 ex
628 1572 781 1650 Capitdlio,

155 1668 214 1740 Qui
235 1670 264 1726 in
285 1669 429 1728 cdlumine
448 1678 522 1728 astat
543 1668 677 1743 summm
699 1673 724 1730 si
745 1672 775 1730 id
796 1691 856 1730 non
877 1669 977 1730 seceris
1106 1675 1147 1732 85

154 1765 250 1842 Atque
271 1766 301 1823 td
322 1757 418 1824 tame'u
438 1767 509 1824 mihi
529 1764 626 1826 lubeat
646 1767 833 1844 suspicdrier:
863 1772 870 1787 ⁹

155 1863 214 1935 Qui
235 1873 264 1921 tu
286 1863 316 1922 td
336 1863 486 1940 prohibere
507 1864 555 1922 me
576 1875 660 1941 potes
682 1884 719 1923 ne
740 1864 888 1942 suspicer?
1114 1891 1150 1940 50

156 1960 214 2020 Sed
233 1959 305 2020 istuc
326 1963 424 2038 negoti
444 1961 532 2039 cupio
553 1963 625 2022 scire
645 1964 716 2041 quid
736 1965 796 2022 siet.

154 2064 224 2115 ΜΕ.
248 2057 355 2117 Haben
376 2070 407 2118 tu
427 2060 553 2118 amicum
573 2069 622 2118 aut
643 2058 811 2118 familiarem
832 2057 1006 2138 quempiam,

156 2156 234 2230 Quoi
255 2156 356 2232 peetus
378 2158 489 2235 sapiat?
519 2164 582 2218 cA.
603 2142 718 2236 Edepol
739 2159 797 2218 hau
818 2159 913 2219 dicum
934 2160 1012 2219 dolo.
1107 2165 1149 2221 90

157 2254 229 2313 Sunt
248 2256 323 2331 quds
344 2257 405 2315 seio
426 2258 536 2316 amieos
557 2257 638 2316 esse:
659 2268 726 2316 sunt
746 2276 821 2335 quos
842 2255 980 2336 suspicor.

157 2352 214 2410 Sed
236 2362 266 2410 tu
288 2353 324 2411 ex
346 2354 445 2412 amicis
466 2353 550 2414 certis
572 2355 611 2411 mi
633 2372 664 2414 es
685 2354 880 2414 certissumus.

157 2450 258 2526 Siquid
279 2451 334 2508 scis
356 2470 403 2509 me
420 2452 523 2510 fecisse
545 2452 646 2510 inscite
667 2462 716 2511 aut
737 2453 868 2529 inprobe,
1107 2458 1148 2512 95

157 2549 187 2608 Si
207 2549 237 2607 id
257 2549 319 2607 ndu
340 2568 387 2609 me
409 2568 537 2621 accusem,
551 2547 611 2608 uite
632 2549 848 2626 obiurgandd’s.
890 2559 961 2610 tm.
984 2551 1053 2611 Seio
1117 2571 1119 2575 ¹

156 2647 194 2704 Et
215 2649 238 2705 si
259 2645 315 2706 elia
335 2647 392 2706 huc
414 2664 502 2706 causa
524 2647 561 2705 ad
581 2657 610 2705 te
631 2646 742 2720 fidveni
758 2666 882 2724 aequom
904 2649 1041 2725 pustulas.
1116 2659 1151 2708 60

157 2752 219 2802 ΟΔ.
240 2742 372 2819 Expecto
395 2745 489 2821 siquid
510 2745 601 2804 dicas.
642 2752 713 2804 ΜΕ.
735 2746 936 2806 Primumdum
950 2746 1083 2805 dmnium

22 2830 113 2929 ’Χ
157 2842 236 2900 Male
257 2842 401 2901 dictitatur
420 2844 472 2901 ttbi
492 2844 580 2919 volgo
601 2845 631 2901 in
653 2843 843 2904 sermdnibus.

157 2940 459 3016 Turpssucricupidum
480 2940 509 3000 te
529 2951 634 3000 vocant
654 2942 731 3001 cives
751 2944 808 3002 tui:
1090 2948 1151 3006 100

158 3039 238 3097 Tum
258 3037 353 3096 autem
374 3050 441 3097 sunt
461 3039 508 3097 alii
529 3041 580 3115 qui
599 3051 628 3100 te
649 3040 802 3099 volturium
822 3051 945 3103 vocant:

158 3136 301 3195 Hostisne
322 3154 359 3195 an
381 3137 449 3195 civis
470 3136 600 3197 edmedis
620 3140 701 3216 puvi
722 3138 858 3215 pendere.
1116 3151 1149 3216 ⁶5

160 3234 244 3294 Haec
264 3252 353 3311 quom
374 3231 461 3293 auidio
481 3235 511 3293 in
531 3246 560 3294 te
581 3236 646 3306 dici,
662 3236 817 3296 discrucidr
836 3238 932 3298 miser.

161 3341 223 3390 cA.
243 3331 297 3390 Est
318 3330 404 3407 dtque
425 3349 487 3389 non
507 3341 551 3391 est
571 3332 641 3390 mihi
661 3333 692 3390 in
711 3351 808 3404 manu,
822 3334 1048 3412 Megardnides:

162 3429 242 3502 Quin
263 3431 369 3501 dteant,
384 3448 445 3490 non
465 3440 525 3490 est:
547 3429 648 3490 merito
669 3440 758 3492 utne
779 3431 885 3508 dicunt,
900 3434 930 3494 id
949 3446 1002 3495 est.
1090 3441 1150 3498 105
